2409 3875
335 537 477 599 unicus
498 537 580 598 FOR
600 538 901 602 TRANSLATION.

437 717 488 782 91.
518 701 549 763 Τ
545 700 584 764 lte
598 701 816 765 Bloodlzozmd.

184 847 337 922 Robortos,
351 847 504 907 Scotorum
517 867 577 922 rsx,
589 849 636 906 vir
649 852 679 906 ot
692 847 779 906 armis
792 852 823 906 ot
833 848 942 909 virtute
958 850 1090 927 insignis,

143 941 253 1000 bollum
267 960 333 1000 cnm
346 939 496 998 Britannis
509 958 570 998 non
583 957 717 1016 prospers
729 940 822 1016 primo
832 941 955 1017 gerebat
999 943 1091 1001 Erant

144 1034 223 1093 onim
237 1034 269 1091 in
282 1033 383 1092 castris
395 1033 525 1091 hostium
545 1032 706 1108 complures
727 1031 815 1106 Scoti,
830 1034 882 1110 qui
896 1034 934 1093 ob
947 1034 1090 1111 privatam

142 1127 286 1187 invidiam
310 1126 459 1185 Britannis
481 1125 625 1184 auxilium
644 1126 827 1202 praebebant
871 1128 919 1186 Ex
943 1128 990 1187 his
1013 1147 1091 1187 unus

142 1220 294 1279 constituit
320 1238 416 1295 regem
443 1238 543 1296 copore
568 1239 620 1296 per
644 1239 744 1278 canem
768 1220 977 1294 fidelissimum,
1000 1240 1090 1298 quem

142 1313 204 1390 ipss
224 1313 335 1372 donum
355 1312 392 1370 ab
413 1331 446 1372 oo
466 1318 621 1390 acceperat.
665 1313 811 1372 Robortus
831 1314 1090 1392 forte‚msj01ibus

141 1405 272 1465 hostium
292 1405 383 1482 copiis
404 1405 608 1480 circumdatus,
631 1424 699 1465 suos
719 1406 804 1482 fugas
828 1410 913 1466 coust
934 1407 967 1466 in
990 1426 1090 1466 omncs

141 1504 237 1577 portos
257 1498 403 1558 discodors
419 1501 544 1577 jusserat
553 1521 562 1574 3
586 1499 650 1576 ipsc
670 1504 768 1559 tamon
789 1519 855 1559 cum
869 1519 928 1559 uno
942 1501 1046 1560 comite
1059 1519 1090 1559 so

142 1593 174 1650 in
187 1591 277 1652 silvas
289 1591 413 1652 obdidit.
455 1591 499 1650 At
512 1591 620 1664 hostes,
635 1610 706 1650 cano
726 1592 816 1667 ducti,
831 1593 906 1669 regis
926 1593 1090 1670 perfugium

142 1684 226 1743 focils
249 1685 433 1744 invenerunt.
477 1685 536 1743 Hic
560 1689 659 1744 sutem
682 1685 790 1744 latratu
813 1686 892 1744 canis
914 1686 1088 1760 admonitus,

142 1796 193 1854 per
213 1777 329 1836 nlvcum
348 1776 479 1836 fluminis
493 1777 551 1836 duo
565 1777 661 1835 millia
680 1796 817 1854 passuum
832 1778 1011 1854 ambulavit3
1032 1797 1090 1856 quo

142 1869 263 1928 consilio
285 1887 387 1927 sccvos
410 1868 508 1928 hostes
535 1867 631 1928 elusit
675 1868 764 1929 Canis
784 1871 871 1946 onim,
892 1871 945 1949 qui
969 1871 1091 1949 vestigio

143 1962 255 2021 domini
268 1965 344 2021 torri
357 1980 527 2039 cognoscere
540 1966 663 2038 poterat,
678 1967 753 2039 oqui
766 1965 885 2024 omnino
899 1965 990 2024 salsus
1003 1970 1054 2026 cst

327 2222 379 2287 92.
408 2204 439 2267 T
434 2202 473 2267 lu
487 2202 702 2267 Bloodlzound
714 2205 915 2289 (continued).

185 2343 343 2420 Postquam
367 2342 439 2400 dnos
462 2341 548 2399 horus
571 2341 604 2399 in
629 2341 703 2399 silvi
728 2340 899 2401 densissimi
918 2348 1088 2417 ornaverant,

145 2436 264 2495 tandem
283 2455 336 2495 rex
356 2453 518 2511 comcs-quc
538 2433 636 2491 fidelis
656 2434 751 2493 tribus
764 2436 836 2492 viris
856 2437 982 2509 armatis,
996 2437 1090 2513 specio

145 2528 242 2601 feroci,
253 2528 369 2587 obviam
383 2528 508 2589 iverunt.
552 2528 618 2586 Rex
629 2532 735 2599 tamen,
746 2528 801 2586 etsi
815 2527 868 2587 hos
882 2529 914 2587 in
927 2531 1090 2606 suspicione

145 2622 258 2695 habuit,
287 2621 363 2680 famo
390 2620 546 2692 confectus,
572 2619 734 2696 hospitium
762 2620 862 2678 dotum
890 2638 951 2679 non
978 2621 1088 2680 abnuit.

146 2714 223 2775 Indo
235 2714 341 2773 ductus
361 2712 398 2770 cd
419 2731 521 2784 casnm,
536 2730 611 2789 quas
631 2711 710 2770 hand
732 2700 832 2788 procul
845 2712 953 2786 oberat,
967 2712 1091 2790 benigno

146 2811 280 2885 acceptus
293 2810 338 2864 est
351 2824 368 2863 a
381 2804 551 2877 latronibus,
567 2804 620 2881 qui
633 2809 726 2863 totam
746 2824 829 2863 ovem
851 2810 1000 2879 coxerunt,
1015 2826 1091 2885 mag·

146 2895 692 2976 namqueportomsdvinisdodonunt
729 2897 802 2956 Post
811 2915 929 2957 coenam
937 2898 1089 2973 Robsntus,

146 2994 233 3070 longo
251 2990 351 3049 laboro
370 2988 508 3062 defossus,
523 3006 625 3047 somno
645 3006 707 3047 sess
727 2987 815 3049 dedit.
860 2989 964 3050 Comes
983 2996 1090 3069 tamen,

146 3087 200 3165 qui
221 3104 241 3146 s
261 3102 327 3159 nugo
347 3082 466 3158 vigilare
485 3082 586 3158 jussus
613 3085 682 3152 erat,
704 3082 784 3157 gravi
807 3100 909 3142 somno
930 3103 1089 3162 oppressus,

148 3179 273 3238 officium
287 3175 392 3235 omisit.
435 3174 510 3232 Tum
523 3173 659 3248 latrones,
675 3174 727 3251 qui
747 3174 804 3251 ipsi
824 3194 959 3235 somnum
977 3178 1082 3237 simula

149 3274 258 3342 verunt,
280 3268 382 3348 furtim
402 3266 540 3343 petebant
559 3284 624 3324 eam
643 3272 755 3341 partem
775 3284 863 3341 casso,
886 3272 944 3344 qui
963 3269 1092 3347 hospites

148 3361 336 3425 dormiebant
