2409 3875
448 227 719 297 transsations.

397 534 465 602 135.
493 521 560 586 vu
573 520 783 586 Huncltback.

139 673 247 734 =Varus
260 675 371 735 ttbiccn
382 677 444 735 erat
462 692 578 750 corpore
591 673 719 747 informi,
735 674 859 733 canendi
879 677 977 734 tamen
997 680 1058 735 arte

112 768 309 843 peritissimus
353 767 412 826 Hic
426 767 496 826 olim
516 767 555 825 ad
574 785 694 826 coenam
707 773 827 827 vocatus
848 773 893 827 est
912 787 930 827 a
950 775 1058 828 sertore

111 861 246 936 quodam,
257 862 317 937 qui,
329 861 385 919 etsi
398 860 498 919 modos
511 860 601 919 tibias
616 879 703 936 qnam
720 861 847 919 maxime
860 861 983 936 amabat,
995 863 1058 938 ipso

111 958 226 1012 cantara
253 972 313 1012 non
340 958 460 1030 poterat.
516 951 598 1011 Dum
626 959 757 1028 coenant,
786 953 890 1027 Varus,
919 955 998 1031 quod
1026 974 1058 1014 os

111 1065 248 1123 magnum
274 1046 410 1105 haerebat
441 1046 473 1104 in
506 1051 633 1123 gutture,
661 1046 700 1105 ad
727 1051 832 1106 terram
866 1048 1057 1107 moribundus

110 1140 221 1200 cecidit
285 1141 360 1199 Inde
394 1145 487 1199 sartor
513 1141 624 1199 veritus
651 1159 688 1199 ne
723 1142 818 1200 caedis
852 1142 900 1200 sui
932 1141 1056 1219 hospitis

109 1240 298 1309 accusaretur,
313 1234 399 1305 amici
412 1233 538 1292 infelicis
551 1251 655 1310 corpus
674 1233 712 1292 ad
732 1233 817 1293 aedes
837 1234 942 1294 medici
962 1237 1057 1311 cujus

110 1327 177 1386 dam
201 1326 277 1385 clam
299 1327 413 1387 detulit
457 1325 516 1384 Hic
541 1344 615 1384 onus
642 1326 759 1385 aedium
786 1327 921 1405 postibus
948 1328 1056 1388 fultum

109 1420 236 1497 reliquit
279 1420 378 1479 Prima
398 1419 470 1493 luce,
486 1418 540 1478 ubi
560 1418 699 1490 medicus,
715 1420 761 1478 vir
780 1420 944 1496 iracundus,
960 1429 1057 1498 portos

110 1514 225 1573 aedium
259 1514 393 1573 incautus
427 1512 573 1585 reseravit,
603 1531 707 1589 corpus
738 1531 790 1573 sno
821 1513 884 1572 loco
911 1514 1056 1591 dejectum

110 1625 245 1685 praeceps
258 1607 295 1667 ad
309 1612 414 1665 terram
427 1607 494 1666 ruit
539 1605 625 1680 Quod
639 1606 692 1664 ubi
705 1607 782 1665 vidit
799 1607 936 1681 medicus,
952 1627 983 1666 re
996 1613 1056 1666 tarn

110 1701 259 1778 inopinati
278 1718 365 1778 quarn
385 1699 512 1758 maxime
533 1700 711 1777 perterritus,
732 1700 864 1759 tibicinis
884 1701 1005 1760 cadaver
1023 1702 1056 1760 in

110 1795 273 1854 interiorem
297 1797 409 1870 partem
433 1792 536 1854 domis
556 1794 694 1870 portavit,
716 1811 843 1871 remque
868 1812 934 1853 cum
956 1813 1053 1868 uxore,

110 1888 218 1947 femini
231 1887 303 1947 acris
316 1887 435 1966 ingenii,
450 1887 683 1947 communicavit

364 2133 433 2214 136.
454 2134 564 2197 Down
579 2132 632 2195 the
648 2131 808 2213 Chimney.

149 2289 224 2348 Inde
251 2305 333 2360 uxor,
363 2286 490 2358 “Noli''
517 2284 623 2361 inquit,
647 2288 704 2345 “te
731 2305 843 2359 vexare,
865 2304 930 2346 meo
957 2292 1054 2349 tamen

110 2386 229 2447 consitio
242 2384 331 2445 utbre.
374 2383 463 2442 Hunc
476 2382 573 2442 virum
592 2382 631 2441 ad
651 2402 797 2443 summum
811 2384 925 2443 culmen
939 2386 1054 2448 aedium

109 2484 336 2561 propinquarum
346 2480 479 2539 ieramus
517 2478 592 2538 Inde
602 2499 707 2556 corpus
718 2480 750 2538 in
762 2481 927 2540 interiorem
935 2483 1054 2544 domum

108 2576 192 2635 facile
202 2576 355 2635 demittere
369 2571 553 2650 poterimus”
595 2571 730 2631 Medicus
742 2572 775 2631 id
788 2574 867 2649 quod
881 2574 1053 2651 imperatum

108 2675 153 2729 cst
165 2669 243 2741 facit,
259 2685 430 2743 corpusque
450 2664 566 2739 mortui,
582 2669 617 2723 ut
636 2666 846 2743 praescriptum
864 2672 916 2740 est,
932 2669 1052 2730 funibus

108 2763 183 2822 clam
197 2760 333 2820 demittit
375 2759 420 2817 At
438 2763 586 2831 mercator,
602 2758 654 2835 qni
674 2778 737 2818 eam
758 2760 877 2819 domurn
898 2761 1050 2839 incolebat,

107 2856 160 2916 ubi
173 2855 300 2933 primum
313 2872 377 2911 cam
390 2856 503 2929 partem
516 2851 632 2910 aedium
648 2851 779 2924 intravit,
795 2872 882 2929 quam
896 2855 928 2913 in
941 2862 1053 2932 partem

108 2968 212 3026 corpus
232 2947 388 3006 demissum
409 2950 479 3018 erat,
499 2945 651 3004 tibicinem
671 2964 722 3023 pro
742 2947 806 3005 fure
826 2966 930 3024 magno
949 2950 1053 3011 baculo

107 3042 256 3121 percussit,
281 3058 451 3117 corpusque
474 3039 506 3112 ni
531 3040 607 3097 ictus
630 3039 668 3098 ad
692 3046 798 3099 terram
821 3041 936 3117 dejecit.
978 3044 1052 3105 Inde

108 3134 284 3213 perterritus,
312 3152 351 3190 ne
376 3132 439 3208 ipss
467 3130 503 3189 dc
530 3131 617 3190 caedo
647 3136 834 3205 accusaretur,
863 3134 983 3195 cadaver
1015 3140 1052 3198 ad

107 3229 242 3288 humeros
269 3226 425 3305 sublatum,
454 3225 488 3283 in
514 3224 593 3283 viam
622 3223 734 3284 detulit
788 3226 871 3302 Tum,
900 3234 1053 3307 postquam

107 3323 263 3393 hominem,
278 3325 417 3395 tanquam
430 3319 541 3389 vivum,
557 3316 594 3375 ad
610 3336 723 3375 murum
744 3319 930 3396 applicuerat,
952 3342 970 3381 c
990 3324 1053 3383 loco

107 3435 194 3494 quam
208 3413 354 3473 celerrime
367 3431 398 3470 se
411 3412 524 3488 recepit
