2409 3875
488 245 762 315 lbanslattons.

479 526 530 609 67.
558 526 626 592 Tlee
648 527 778 594 Wolves.

195 660 335 722 Omnium
349 661 527 734 animalium,
542 680 618 739 quae
632 660 785 739 Scythiam
804 661 946 737 incblunt,
961 662 1100 723 teterrimi

154 758 225 814 sunt
236 753 301 832 lupi
309 774 319 829 3
339 754 372 813 hi
392 754 471 814 enim
491 773 576 832 saepe
599 754 636 814 ab
650 753 731 813 omni
743 760 826 832 parte
839 755 1026 829 conveniunt,
1041 774 1101 832 peu

155 869 212 927 que
234 848 323 909 silvas
345 867 450 926 magno
475 848 588 925 agmine
612 849 749 925 praedam
772 851 937 926 exquirunt
981 849 1102 908 Femina

154 942 295 1019 quaedam
328 960 396 1002 cum
423 940 518 1001 tribus
544 940 644 999 liberis
671 960 722 1017 per
748 940 802 1001 bas
835 942 925 1001 silvas
957 942 990 1001 in
1016 960 1100 1001 curru

156 1034 320 1094 vehebatur.
364 1032 469 1094 Subito
498 1033 635 1111 luporum
661 1033 794 1094 ululatus
819 1035 946 1108 auditur,
975 1038 1006 1095 et
1031 1053 1101 1094 mox

155 1128 250 1187 dirum
273 1145 375 1204 agmen
399 1130 525 1204 apparet
568 1128 689 1187 lbustra
714 1127 767 1186 illa
790 1126 918 1187 habenas
941 1128 993 1188 dat
1016 1146 1098 1206 equo,

154 1240 243 1300 equos
266 1220 344 1279 euim
367 1219 453 1279 facile
476 1237 562 1279 cursu
585 1217 701 1279 assiduo
725 1224 901 1297 exsuperant
924 1220 995 1297 lupi
1037 1220 1100 1279 Vix

154 1316 240 1375 breve
263 1314 391 1391 spatium
414 1312 628 1390 inter-ponitur,
653 1312 824 1391 misereque
850 1314 960 1373 famina
985 1313 1099 1391 liuguae

153 1408 333 1486 sanguineas,
353 1407 451 1466 fauces
471 1406 575 1483 nigras,
597 1405 701 1466 dentes
723 1407 854 1467 crudeles
877 1407 988 1484 aspicit
1030 1406 1098 1468 Jam

153 1501 299 1561 fervidum
312 1500 448 1576 spiritum
461 1516 612 1558 saevorum
625 1499 797 1559 animalium
809 1499 870 1559 fere
882 1500 981 1561 sentit
1023 1500 1098 1560 Tum

153 1600 232 1653 metu
252 1611 359 1653 vesano
383 1597 475 1650 mater
498 1610 536 1651 ex
559 1608 645 1649 curru
669 1592 824 1651 minimum
847 1597 920 1651 natu
940 1592 1098 1653 liberorum

152 1687 261 1763 dejicit,
290 1690 321 1745 et
348 1685 425 1747 douo
451 1680 586 1743 horribili
613 1684 755 1763 impetum
782 1684 918 1763 luporum
945 1704 1099 1764 parumper

151 1779 276 1839 cohibet.

364 1978 414 2040 68.
443 1975 510 2040 Tlte
533 1973 659 2040 Wolves
674 1972 876 2059 (continued).

188 2130 288 2192 Primo
309 2133 392 2188 atrox
412 2127 567 2188 consilium
586 2127 732 2201 successit,
747 2126 812 2204 lupi
825 2127 913 2203 anim,
927 2125 998 2187 dum
1011 2145 1097 2190 saevo

148 2225 272 2284 clamore
291 2222 427 2300 praedam
440 2220 567 2297 rapiunt,
581 2237 686 2296 agmen
698 2219 826 2294 sistunt;
846 2238 918 2280 mox
931 2225 1031 2280 taum
1044 2222 1096 2281 ubi

148 2336 262 2378 carnem
276 2335 314 2375 en
327 2313 440 2374 ossibus
453 2313 552 2372 miseri
562 2312 685 2371 infantis
694 2311 907 2372 dilaniaverunt
919 2313 983 2392 (nec
993 2314 1097 2392 longam

147 2411 198 2471 ille
206 2404 366 2486 fuitlabor)
375 2407 480 2466 iterum
489 2403 837 2483 fngientibusinstabant
868 2406 979 2465 Iterum
988 2406 1097 2468 femina

147 2503 254 2565 infelix
273 2501 351 2561 idem
371 2499 450 2573 facit,
472 2497 664 2573 alterumque
685 2496 829 2557 infantem
852 2497 931 2576 lupis
953 2501 1094 2561 concedit

147 2596 273 2673 Jamque
293 2613 344 2671 per
363 2591 486 2666 arbitres,
501 2589 699 2668 spectaculum
720 2591 924 2667 gratissimum,
944 2592 1008 2652 visa
1026 2600 1096 2655 sunt

147 2694 224 2750 tecta
236 2687 351 2748 aedium
364 2686 397 2745 in
411 2684 519 2762 quibus
532 2682 620 2742 amici
632 2682 815 2757 habitabant,
830 2684 991 2763 fessusque
1003 2706 1096 2765 aquus

146 2782 307 2861 ingeminat
320 2797 442 2839 cursum
486 2777 517 2836 N
518 2795 550 2836 ec
561 2780 659 2836 tamen
670 2778 789 2838 domum
800 2778 929 2853 advenit,
941 2785 1093 2858 antequam

147 2881 238 2936 mater
250 2873 369 2934 tertium
382 2870 527 2930 infantem
540 2869 643 2929 ecdem
656 2871 743 2931 modo
757 2873 843 2933 morti
858 2871 973 2949 objecit

186 2966 322 3029 Indeubi
330 2967 537 3025 convocaverat
547 2963 726 3041 propinquos
733 2964 827 3024 fatum
838 2965 994 3025 liberorum
1001 2985 1096 3026 susm·

146 3082 204 3142 que
222 3061 321 3138 fugam
341 3057 475 3117 narravit
529 3057 605 3116 Tum
629 3056 774 3116 maximus
797 3063 877 3130 netu,
908 3056 980 3118 dum
1006 3059 1096 3120 ceteri

145 3157 261 3216 horrore
288 3150 482 3229 obstupefacti
509 3154 598 3225 sunt;
627 3149 699 3209 “Tu
727 3149 787 3210 tuis
813 3150 1002 3228 infantibus‚²’
1025 3170 1095 3213 voce

145 3249 243 3327 inquit
252 3244 383 3318 terribili,
397 3249 484 3306 “non
495 3243 652 3323 parcebas3
671 3261 726 3304 nac
736 3262 788 3321 ego
798 3243 855 3303 tibi
864 3262 943 3303 nunc
953 3246 1095 3322 pamaua”

146 3344 226 3402 Haec
240 3341 292 3400 ubi
301 3340 422 3412 dixerat,
436 3339 638 3417 meutiquam
652 3355 742 3397 manu
751 3335 879 3411 tenebat,
891 3341 979 3413 caput
988 3337 1094 3415 impiae

147 3435 245 3495 matris
258 3431 409 3509 percussit.
