2409 3875
447 273 723 344 Translatione.
750 377 754 384 ἡ
1022 277 1058 339 tt

110 464 301 526 celebrabant
345 465 409 526 Ubi
434 484 471 524 ex
496 470 541 524 tot
564 464 709 525 divitibus
733 483 818 526 nemo
842 484 940 543 preses
960 465 1059 526 audire

109 556 212 632 soluit,
241 558 412 636 piscatorem
450 576 615 636 pauperem,
651 556 704 636 qni
738 557 880 632 adstabat,
916 557 1058 619 auxilinm

28 720 32 726 ,
110 655 289 728 rogaverunt
335 650 429 723 “At”
453 650 604 730 respondit
627 649 687 725 ille,
710 653 782 712 “est
805 650 879 712 mihi
902 669 956 712 nee
977 651 1058 713 eibos

18 738 23 746 ’
111 762 164 804 nee
177 748 329 822 argentum
341 743 430 821 domi,
445 744 525 823 qnod
546 744 702 804 continuas
723 747 909 822 tempestates
928 745 1022 823 pisoes
1041 765 1059 806 a

111 837 217 897 nostris
226 837 284 897 oris
293 836 469 914 jamdudum
479 837 640 916 depellunt.
683 836 717 898 Si
727 843 825 898 tamen
835 856 947 898 meeum
958 839 1058 899 venire

4 988 6 991 .
111 929 210 1004 vultis,
225 930 300 990 hano
321 935 436 992 nostem
455 931 511 991 snb
531 950 596 991 meo
617 933 693 991 teoto
707 931 884 1009 requiescere
898 930 1057 1008 poteritis”

111 1023 186 1084 Inde
205 1023 340 1098 advenas,
355 1024 407 1102 qni
428 1023 499 1084 laeti
518 1023 693 1085 beneficium
712 1023 869 1101 ascipiunt,
886 1023 1005 1084 domum
1019 1025 1056 1084 sd

111 1134 230 1176 uxorem
250 1115 338 1177 ducit
381 1115 439 1178 Illa
460 1123 557 1178 autem
578 1120 696 1190 maesta,
718 1115 797 1194 quod
817 1115 906 1194 digno
930 1115 1057 1194 hospitio

110 1207 237 1268 advenas
258 1227 319 1268 non
339 1213 435 1286 potest
455 1208 590 1286 eooipere,
606 1207 716 1267 looulos
736 1226 851 1283 vacuos,
867 1207 983 1286 inopias
1003 1208 1056 1286 sig-

110 1319 190 1378 num,
213 1301 348 1362 ostendit.
402 1301 507 1362 Subito
530 1300 568 1361 ad
592 1305 697 1360 terram
722 1299 860 1360 decidunt
887 1319 963 1360 asses
987 1301 1052 1362 duo.

110 1393 248 1467 Piscator,
262 1393 402 1455 miraculo
414 1394 566 1469 attonitus,
581 1394 684 1454 vinum
703 1393 871 1470 cibumque
893 1394 981 1470 emit;
1002 1413 1054 1454 nee

110 1485 230 1563 posthae
243 1487 346 1546 duram
359 1493 559 1566 paupertatem
572 1487 692 1564 serebat,
706 1504 855 1565 nunquam
866 1485 943 1545 enim
952 1485 1055 1547 looulis

110 1579 238 1640 deerant
251 1579 346 1639 divini
359 1599 442 1642 asses.

386 2038 436 2103 82.
464 2038 496 2101 Τ
492 2036 532 2101 hs
547 2036 668 2103 Golden
684 2038 780 2121 Loafi

148 2240 263 2318 Lyden,
278 2238 401 2318 agricola
413 2258 524 2317 pauper
543 2241 594 2300 sed
608 2242 724 2317 probus,
740 2240 897 2320 aliquando
911 2262 976 2303 oum
992 2242 1050 2303 filio

107 2336 212 2399 edebat
238 2355 360 2415 parvum
387 2354 501 2414 panem,
527 2354 615 2412 quem
643 2336 734 2397 totius
757 2337 817 2397 diei
844 2332 974 2399 mercede
999 2339 1052 2398 vix

107 2435 221 2493 emerat
264 2429 346 2490 Dum
365 2447 438 2507 puer
450 2428 587 2489 dentibus
605 2447 687 2489 suem
707 2435 818 2507 partem
838 2432 921 2509 ponis
935 2432 1050 2510 frangit,

108 2524 269 2603 complures
293 2523 405 2583 nummi
432 2522 519 2599 aurei,
540 2522 593 2600 qui
619 2524 652 2581 in
679 2522 744 2583 oibo
772 2523 880 2583 oooulti
907 2525 1051 2597 arentin

107 2617 248 2697 gremium
261 2616 326 2693 ejus
339 2614 516 2679 deciderunt.
559 2615 625 2676 Hoa
638 2616 690 2677 ubi
703 2616 785 2678 videt
798 2636 877 2695 puer,
891 2620 909 2651 ‘⁴
918 2616 1051 2696 Aeripe,”

108 2711 206 2788 inquit
229 2708 305 2769 laeti
327 2727 406 2783 vooe,
430 2712 545 2787 “petar,
570 2708 625 2770 bos
648 2728 790 2784 nummos,
812 2729 885 2788 quos
908 2710 979 2771 deus
1003 2712 1052 2771 ali·

109 2804 175 2882 quis
207 2802 272 2878 tibi,
306 2803 485 2880 paupertatis
518 2802 685 2876 remedium,
722 2803 851 2865 tribuit.”
900 2803 1052 2865 “Minime

109 2892 280 2971 carissime,’'
298 2894 449 2972 respondit
468 2899 557 2973 peter,
580 2897 761 2971 “pecuniam
781 2897 880 2975 potins
899 2896 1052 2959 reddimus

109 2990 219 3068 pistori,
244 2988 304 3067 qui,
329 2989 401 3048 dum
420 3007 526 3066 panem
554 2990 661 3067 ooquit,
687 2991 839 3067 pecuniam
867 3010 933 3052 oum
960 2992 1053 3054 tarint

109 3084 274 3160 nescioquo
294 3101 362 3142 assu
382 3080 525 3142 miserit.'’
566 3080 638 3143 Sine
658 3101 738 3143 mora
758 3084 842 3143 ambo
862 3085 899 3144 sd
915 3085 1050 3162 pistorem

109 3180 264 3255 properant
283 3193 411 3252 remque
435 3181 559 3237 narrsnt
607 3176 683 3236 Tum
710 3176 770 3252 ille,
797 3176 921 3237 “Maote
944 3179 1053 3240 virtute
1111 3248 1113 3255 ¹

109 3269 233 3348 Lyden,
263 3269 418 3340 fortunam,
446 3286 534 3345 quam
564 3267 639 3329 bene
670 3269 809 3344 meruisti,
842 3288 944 3348 aarp03
974 3273 1053 3333 huno

110 3362 188 3423 enirn
209 3378 322 3439 panem,
341 3360 426 3436 jussu
446 3360 529 3437 regie,
551 3360 586 3435 ei,
609 3379 696 3437 quern
717 3362 817 3422 inveni
838 3363 1050 3441 probissimum,

109 3454 235 3514 libenter
248 3453 313 3513 do.''
