2409 3875
494 222 767 290 Translatione.

507 492 576 560 115.
598 479 767 543 Bonneted.

201 632 320 692 Mulieri
332 631 455 705 cuidam,
470 650 543 709 quae
557 631 646 707 Arpis
659 629 819 703 habitabat,
833 647 886 688 vas
906 631 966 687 erat
980 626 1104 686 ferreum

160 724 239 784 haud
253 725 294 784 ita
306 743 452 801 magnum,
463 741 521 800 quo
535 722 634 782 cibum
644 740 764 798 coquere
775 720 893 782 solebat
936 719 996 778 Fur
1006 721 1104 777 autem

159 817 317 894 improbus,
331 816 402 875 dum
416 816 479 892 ipsa
492 815 581 888 abest,
593 814 712 872 domum
727 814 872 890 ingressus
884 829 936 871 vae
950 811 1047 887 rapuit
1060 809 1104 869 in·

159 927 216 986 que
235 907 323 968 silvas
344 908 442 966 evasit.
485 905 551 982 Qui,
567 906 647 984 quod
667 924 718 965 vae
741 923 827 981 grave
852 908 921 976 erat,
943 922 997 962 nec
1018 901 1104 961 facile

160 983 284 1079 poitatu,
313 1000 401 1076 capiti
427 1018 509 1090 onus·
527 998 676 1075 imposuit,
701 998 823 1075 iter-que
850 995 986 1073 pergebat
1010 995 1102 1072 primo

159 1094 289 1167 cautiue3
302 1092 407 1152 deinde
417 1092 540 1152 clamore
550 1091 733 1170 sequentium
744 1090 920 1168 perterritus,
930 1087 1102 1166 properandi

159 1195 251 1262 musa,
271 1209 380 1248 currere
400 1189 511 1266 incipit
554 1188 597 1247 At
617 1207 669 1249 vas
692 1187 789 1248 subito
809 1191 892 1246 motu
913 1186 1102 1257 turbatum‚e

158 1303 270 1344 summo
290 1283 384 1359 capite
406 1281 445 1340 ad
465 1281 601 1341 humeros
624 1281 745 1358 lapsum,
771 1283 867 1339 totum
890 1278 1009 1338 vultum
1030 1277 1102 1336 furis

158 1377 278 1437 obtexit
320 1375 395 1434 Tum
411 1375 444 1448 ia,
459 1375 539 1451 quod
558 1393 613 1434 nec
629 1373 740 1434 diutius
760 1373 839 1432 viam
858 1372 958 1431 videre
978 1375 1100 1449 poterat,

157 1487 210 1528 nec
232 1466 398 1527 ullomodo
418 1467 676 1544 caputextrahere
701 1485 738 1525 ex
761 1484 838 1538 vaae,
859 1464 939 1542 quod
959 1464 1101 1523 artissime

157 1560 300 1633 haerebat,
328 1578 444 1618 cursum
473 1578 535 1619 non
566 1559 669 1620 tenuit
727 1560 830 1634 Itaque
862 1576 880 1615 a
911 1556 1101 1634 sequentibus

156 1659 265 1732 captus,
280 1651 426 1711 manifesti
439 1649 539 1711 delicti
551 1669 659 1729 poenm
673 1650 805 1710 exsolvit

479 1858 546 1923 116.
576 1857 607 1922 Τ
602 1857 642 1922 lae
655 1859 781 1923 Falcon.

195 1996 283 2058 Caius
307 1996 415 2055 nobilia
438 1995 556 2073 quidam
581 1994 740 2071 Hirpinus,
759 1994 887 2055 venandi
907 1993 1005 2054 studio
1025 2010 1099 2052 com·

155 2091 251 2169 plures
278 2108 362 2149 canes
391 2089 607 2165 accipitresque
635 2085 715 2147 dorni
741 2087 843 2148 alebat
901 2086 975 2147 Mox
1001 2090 1097 2145 summ

154 2200 263 2260 pauper
281 2181 375 2241 iactus
394 2199 493 2240 omnes
513 2180 639 2239 vendere
658 2184 774 2238 coactus
797 2184 849 2252 est,
871 2184 983 2257 praeter
1006 2196 1097 2238 unum

153 2276 325 2353 accipitrem,
347 2292 434 2350 quem
457 2274 582 2332 maxime
606 2273 728 2331 amabat.
771 2272 861 2332 Haud
884 2273 984 2351 procul
1006 2273 1043 2333 ab
1064 2292 1097 2333 eo

153 2370 215 2429 loco
238 2385 305 2426 cum
329 2385 417 2443 parvo
441 2366 502 2425 filio
525 2365 677 2425 habitabat
697 2365 811 2438 Fulvia,
833 2366 941 2425 femina
961 2367 1044 2426 dives
1069 2372 1098 2426 et

153 2480 246 2534 avara,
271 2478 357 2536 qnam
380 2458 489 2517 multoe
511 2477 563 2535 per
589 2476 681 2517 annos
706 2457 794 2519 Caius
822 2459 855 2518 in
881 2460 1097 2519 matrimonium

153 2555 255 2612 ducere
274 2551 398 2613 volebat
441 2550 499 2611 Illa
519 2555 625 2624 autem,
648 2552 702 2611 etsi
726 2554 836 2612 amanti
859 2553 953 2630 primo
976 2553 1094 2628 faverat,

152 2645 271 2725 pauperi
290 2644 399 2704 nubere
421 2644 524 2705 noluit
566 2644 654 2704 Forte
677 2644 799 2705 Fuluiae
823 2645 909 2719 filius,
931 2646 1096 2723 accipitrem

152 2741 216 2801 Caii
235 2737 410 2815 jamdudum
433 2738 562 2812 miratus,
588 2737 686 2798 alitem
711 2739 834 2816 optavit,
859 2757 913 2798 nec
937 2738 994 2797 elio
1018 2739 1095 2798 dono

151 2832 257 2910 placari
275 2834 407 2909 poterat;
429 2830 549 2890 tandem
569 2830 708 2907 cupidine
728 2836 758 2889 et
778 2831 876 2890 dolore
896 2830 1044 2890 coniectus
1064 2832 1108 2890 in-

150 2943 266 3001 gravem
279 2924 412 2983 morbum
422 2923 535 2983 cecidit
577 2922 653 2981 Tum
667 2926 758 2983 mater
771 2922 875 2983 infelix
889 2921 994 2983 Gaium
1005 2924 1096 2983 visere

150 3016 309 3089 constituit,
338 3034 488 3092 avemque
521 3032 626 3090 rogare.
669 3014 712 3073 At
746 3008 847 3075 Oaius'
866 3015 919 3073 ubi
947 3014 1096 3075 mulierem

150 3109 305 3169 adeuntem
324 3107 414 3180 videt,
435 3107 515 3183 quod
535 3106 612 3165 nibil
628 3108 691 3182 jam
711 3106 770 3165 cibi
790 3106 871 3165 domi
891 3106 1025 3181 habebat,
1043 3126 1096 3167 nec

150 3221 213 3262 eam
225 3201 308 3259 nullo
321 3200 448 3276 accipere
465 3199 594 3276 hospitio
614 3198 762 3273 tolerabat,
777 3200 874 3258 victus
887 3217 983 3258 amore
996 3198 1094 3259 alitem

149 3294 326 3354 caueeimnm
337 3290 493 3367 interiecit,
504 3296 686 3369 coctumque
696 3292 846 3368 proposuit
856 3290 973 3368 hospiti.
1015 3291 1094 3351 Haeo

148 3384 200 3443 ubi
210 3384 300 3442 sensit
310 3382 424 3457 Fulvia,
435 3382 489 3442 tali
501 3400 598 3442 amore
611 3382 750 3461 mitigati
767 3382 838 3445 Ceio
851 3383 970 3442 tandem
983 3383 1092 3459 nupsit.
