2409 3875
451 251 726 322 Translatione.
1019 258 1057 317 85

117 471 191 528 quae
217 453 338 511 aummie
364 452 451 513 modo
477 453 564 512 ramis
591 453 765 531 dependent,
789 459 958 515 mercatores
980 454 1060 516 haud

117 546 202 605 facilc
224 551 357 622 carpunt,
380 546 461 624 quod
482 547 558 607 levia
579 547 690 607 arboria
715 553 835 608 truncus
861 549 978 608 meandi
999 569 1059 610 non

117 644 220 716 potest
262 641 352 699 Hunc
372 644 470 700 tamen
489 640 609 700 modum
628 641 811 701 invenerunt
854 641 967 716 Simiae,
986 661 1059 720 quae

117 732 258 809 plurimae
281 733 371 793 silvae
394 733 502 806 colunt,
524 734 603 792 saxia
622 737 750 794 vexant:
784 734 970 810 quamobrem
992 735 1059 795 illae

116 828 206 886 iratae
219 846 307 886 nuces
320 825 358 886 ab
371 826 522 887 arboribus
535 827 664 905 direptae
677 827 710 887 in
726 833 895 887 mercatores
908 828 1056 904 dejiciunt

118 918 211 978 Sinon
238 919 363 979 nucibus
390 920 491 979 multia
517 921 638 996 potitus,
666 925 836 980 mercatores
868 920 967 981 simias
996 923 1059 1000 ipse

116 1018 230 1091 captare
250 1013 362 1074 docuit.
398 1013 491 1072 Juccu
510 1014 575 1089 ejus
598 1031 668 1072 vasa
694 1013 836 1090 quaedam
857 1033 948 1090 aquae
973 1015 1059 1092 plena

116 1107 154 1165 ad
166 1108 239 1166 imae
252 1107 367 1165 arboreo
380 1106 579 1179 admoverunt,
593 1107 702 1183 quibua
714 1107 747 1164 in
760 1106 838 1166 vasis
850 1111 953 1166 maniis
965 1109 1059 1168 multo

116 1199 301 1275 cumfragore
310 1199 457 1259 lavabant.
499 1199 574 1258 Inde
585 1217 654 1259 vasa
663 1199 763 1258 eadem
773 1199 855 1276 nigra
864 1200 928 1276 pice
937 1201 1059 1278 comple·

116 1297 229 1366 verunt,
252 1292 509 1368 dieceoeeruntque
529 1311 545 1350 e
567 1291 639 1350 loco.
682 1291 790 1351 Simiae
808 1297 907 1352 autem
926 1292 1059 1354 homines

115 1404 152 1443 ex
166 1385 375 1445 consuetudine
389 1385 526 1456 imitatae,
540 1383 594 1444 ubi
607 1403 712 1444 manue
724 1385 758 1444 in
770 1404 840 1447 vaca
851 1385 1054 1465 imposuerunt

115 1478 180 1555 pice
192 1483 321 1539 retentae
333 1478 418 1538 facile
431 1483 590 1556 captantur.

284 1786 351 1852 127.
381 1769 447 1834 lee
459 1768 648 1854 Elephant’s
661 1769 885 1854 Bumbl-place.

156 1931 246 1991 Haud
265 1931 392 1992 multum
411 1930 449 1990 ab
468 1951 503 1991 eo
522 1931 586 1992 loco
606 1951 729 2009 magnus
747 1951 817 2010 grex
839 1931 1057 2010 elephantorum

114 2029 223 2088 tenena
239 2027 394 2088 frondibus
413 2026 590 2104 parcebatur.
633 2026 698 2103 Quo
717 2027 785 2088 vicu
804 2028 956 2105 perterriti,
971 2030 1058 2088 ceteri

114 2125 148 2182 in
167 2123 267 2200 fugam
285 2142 317 2181 ee
337 2122 488 2195 dederunt,
510 2121 604 2181 Sinon
624 2125 730 2195 tamen,
745 2140 813 2180 arou
831 2126 966 2195 armatae,
980 2127 1058 2199 port-

115 2236 203 2294 qnam
222 2216 255 2274 in
268 2216 399 2274 arborem
417 2214 591 2289 accenderet,
607 2214 747 2273 celeribus
765 2214 879 2291 sagittis
898 2216 1057 2275 maximum

115 2330 154 2369 ex
166 2308 330 2387 elephantie
342 2307 496 2368 interfecit
537 2308 567 2367 A
586 2306 791 2367 mercatoribus
803 2307 900 2384 igitur,
915 2308 968 2383 qui
986 2307 1059 2368 ebur

115 2402 237 2463 maximi
254 2400 418 2475 aestimant,
439 2400 524 2460 donia
543 2404 677 2460 oneratae
697 2404 749 2460 eet
792 2398 867 2459 Indo
887 2398 990 2473 Sinon,
1010 2400 1058 2459 cui

116 2497 238 2557 divitiae
257 2495 389 2554 animum
408 2494 594 2567 addidemnt,
615 2494 761 2570 quandam
780 2492 814 2551 in
833 2492 969 2565 arborem,
985 2512 1058 2569 quae

112 2593 202 2669 J'uxta
229 2608 351 2666 parvum
378 2587 475 2647 lacum
500 2585 654 2661 crescebat,
682 2586 847 2664 saepissime
877 2586 1056 2648 ascendebat

117 2686 182 2761 Quo
190 2682 311 2742 coneilio
324 2682 485 2758 complures
497 2681 644 2741 interfecit
658 2680 836 2759 elephantos,
851 2697 924 2756 quoa
937 2680 1060 2741 bibendi

115 2781 202 2838 cauea
221 2794 289 2836 eum
308 2774 406 2834 locum
425 2774 505 2833 adire
524 2773 683 2852 oportebat.
725 2772 822 2832 Tertio
841 2777 939 2832 tamen
952 2792 1059 2849 menae,

116 2870 276 2949 elephanti,
290 2869 398 2946 quibua
417 2887 523 2945 aquam
542 2868 606 2927 eine
625 2866 714 2925 noxia
733 2865 812 2925 adire
824 2884 885 2924 non
897 2865 1011 2938 licebat,
1028 2866 1061 2925 in

117 2965 257 3027 Sinonem
283 2963 414 3023 universi
440 2963 583 3038 impetum
602 2960 742 3031 fecerunt,
763 2956 936 3035 crebrisque
954 2959 1062 3020 ictibus

116 3059 210 3137 ipsam
219 3056 352 3116 arborem
360 3052 676 3115 radicituaerellerunt
708 3051 1061 3128 Indcvirumattonitom,

117 3156 297 3226 mortemque
310 3152 521 3226 expectantem,
534 3146 567 3205 in
579 3150 693 3222 tergum
709 3143 874 3205 sublevavit
886 3145 948 3203 dux
960 3146 1061 3222 gregia,

117 3244 271 3320 longeque
284 3261 336 3320 per
348 3241 439 3301 silvae
456 3240 494 3299 ad
514 3258 583 3299 eum
601 3238 698 3297 locum
712 3238 848 3315 portavit,
862 3256 920 3313 quo
934 3239 1064 3315 sepulcro

118 3336 269 3413 elephanti
293 3334 460 3394 utebantur.
504 3333 599 3393 Sinon
623 3332 723 3409 igitur,
736 3330 788 3407 qui
812 3349 849 3389 ex
869 3332 992 3390 mortuis
1011 3331 1062 3391 ele

118 3428 241 3505 phontis
254 3427 325 3487 eatis
338 3426 434 3487 eboris
446 3426 559 3504 potitur
572 3428 626 3497 eat,
640 3423 718 3484 vivia
730 3422 849 3500 posthac
863 3423 1004 3500 parcebat
