<?xml version="1.0" encoding="UTF-8"?>
<!DOCTYPE html PUBLIC "-//W3C//DTD XHTML 1.0 Transitional//EN"
    "http://www.w3.org/TR/xhtml1/DTD/xhtml1-transitional.dtd">
<html xmlns="http://www.w3.org/1999/xhtml" xml:lang="en" lang="en">
 <head>
  <title>
</title>
<meta http-equiv="Content-Type" content="text/html;charset=utf-8" />
  <meta name='ocr-system' content='tesseract 3.04.00' />
  <meta name='ocr-capabilities' content='ocr_page ocr_carea ocr_par ocr_line ocrx_word'/>
</head>
<body>
  <div class='ocr_page' id='page_1' title='image "./gradatim03kinggoog/gradatim03kinggoog_0078.png"; bbox 0 0 2409 3875; ppageno 0'>
   <div class='ocr_carea' id='block_1_1' title="bbox 463 213 738 284">
    <p class='ocr_par' dir='ltr' id='par_1_1' title="bbox 463 213 738 284">
     <span class='ocr_line' id='line_1_1' title="bbox 463 213 738 284; baseline 0.004 -3"><span class='ocrx_word' id='word_1_1' title='bbox 463 213 738 284; x_wconf 63' lang='lat' dir='ltr'>diffidatione.</span> 
     </span>
    </p>
   </div>
   <div class='ocr_carea' id='block_1_2' title="bbox 304 550 899 619">
    <p class='ocr_par' dir='ltr' id='par_1_2' title="bbox 304 550 899 619">
     <span class='ocr_line' id='line_1_2' title="bbox 304 550 899 619; baseline 0.005 -3"><span class='ocrx_word' id='word_1_2' title='bbox 304 551 455 619; x_wconf 82' lang='lat' dir='ltr'>PIEOES</span> <span class='ocrx_word' id='word_1_3' title='bbox 476 552 562 618; x_wconf 86' lang='lat' dir='ltr'>FOR</span> <span class='ocrx_word' id='word_1_4' title='bbox 582 550 899 619; x_wconf 83' lang='lat' dir='ltr'><strong>TRANSLATION.</strong></span> 
     </span>
    </p>
   </div>
   <div class='ocr_carea' id='block_1_3' title="bbox 270 718 936 802">
    <p class='ocr_par' dir='ltr' id='par_1_3' title="bbox 270 718 936 802">
     <span class='ocr_line' id='line_1_3' title="bbox 270 718 936 802; baseline 0.002 -18"><span class='ocrx_word' id='word_1_5' title='bbox 270 735 337 784; x_wconf 90' lang='lat'>101.</span> <span class='ocrx_word' id='word_1_6' title='bbox 365 719 396 784; x_wconf 86' lang='grc' dir='ltr'><em>Τ</em></span> <span class='ocrx_word' id='word_1_7' title='bbox 392 719 431 783; x_wconf 79' lang='lat' dir='ltr'>lie</span> <span class='ocrx_word' id='word_1_8' title='bbox 450 719 638 802; x_wconf 83' lang='lat' dir='ltr'>Trumpcter</span> <span class='ocrx_word' id='word_1_9' title='bbox 650 720 722 783; x_wconf 86' lang='lat' dir='ltr'>and</span> <span class='ocrx_word' id='word_1_10' title='bbox 733 718 785 783; x_wconf 70' lang='lat' dir='ltr'>tlte</span> <span class='ocrx_word' id='word_1_11' title='bbox 799 723 936 801; x_wconf 69' lang='lat' dir='ltr'>Ialyenas.</span> 
     </span>
    </p>
   </div>
   <div class='ocr_carea' id='block_1_4' title="bbox 168 865 1067 943">
    <p class='ocr_par' dir='ltr' id='par_1_4' title="bbox 168 865 1067 943">
     <span class='ocr_line' id='line_1_4' title="bbox 168 865 1067 943; baseline -0.001 -17"><span class='ocrx_word' id='word_1_12' title='bbox 168 867 363 926; x_wconf 82' lang='lat' dir='ltr'>Inveniuntur</span> <span class='ocrx_word' id='word_1_13' title='bbox 385 865 417 925; x_wconf 90' lang='lat' dir='ltr'>in</span> <span class='ocrx_word' id='word_1_14' title='bbox 437 866 537 925; x_wconf 70' lang='lat' dir='ltr'>Africi</span> <span class='ocrx_word' id='word_1_15' title='bbox 559 866 637 925; x_wconf 80' lang='lat' dir='ltr'>farae</span> <span class='ocrx_word' id='word_1_16' title='bbox 660 866 801 943; x_wconf 85' lang='lat' dir='ltr'>plurimos</span> <span class='ocrx_word' id='word_1_17' title='bbox 821 886 854 925; x_wconf 93' lang='lat' dir='ltr'>ac</span> <span class='ocrx_word' id='word_1_18' title='bbox 877 866 1067 942; x_wconf 82' lang='lat' dir='ltr'>saevissimas,</span> 
     </span>
    </p>
   </div>
   <div class='ocr_carea' id='block_1_5' title="bbox 125 959 1071 2060">
    <p class='ocr_par' dir='ltr' id='par_1_5' title="bbox 125 959 1071 2060">
     <span class='ocr_line' id='line_1_5' title="bbox 128 959 1069 1038; baseline -0.002 -19"><span class='ocrx_word' id='word_1_19' title='bbox 128 979 201 1038; x_wconf 86' lang='lat' dir='ltr'>quae</span> <span class='ocrx_word' id='word_1_20' title='bbox 220 964 309 1019; x_wconf 90' lang='lat' dir='ltr'>noctu</span> <span class='ocrx_word' id='word_1_21' title='bbox 323 964 441 1036; x_wconf 78' lang='lat' dir='ltr'><strong>vagatae</strong></span> <span class='ocrx_word' id='word_1_22' title='bbox 460 959 549 1018; x_wconf 81' lang='lat' dir='ltr'>bores</span> <span class='ocrx_word' id='word_1_23' title='bbox 569 963 754 1036; x_wconf 87' lang='lat' dir='ltr'>armentaque</span> <span class='ocrx_word' id='word_1_24' title='bbox 775 959 899 1036; x_wconf 88' lang='lat' dir='ltr'>rapiunt,</span> <span class='ocrx_word' id='word_1_25' title='bbox 915 959 1069 1036; x_wconf 84' lang='lat' dir='ltr'>aliquando</span> 
     </span>
     <span class='ocr_line' id='line_1_6' title="bbox 128 1050 1069 1112; baseline -0.002 -1"><span class='ocrx_word' id='word_1_26' title='bbox 128 1052 214 1111; x_wconf 86' lang='lat' dir='ltr'>etiam</span> <span class='ocrx_word' id='word_1_27' title='bbox 240 1050 372 1110; x_wconf 84' lang='lat' dir='ltr'>homines</span> <span class='ocrx_word' id='word_1_28' title='bbox 399 1050 574 1112; x_wconf 63' lang='lat' dir='ltr'>adoriuntur.</span> <span class='ocrx_word' id='word_1_29' title='bbox 638 1051 717 1110; x_wconf 87' lang='lat' dir='ltr'><strong>Olim</strong></span> <span class='ocrx_word' id='word_1_30' title='bbox 745 1051 815 1110; x_wconf 92' lang='lat' dir='ltr'>dum</span> <span class='ocrx_word' id='word_1_31' title='bbox 842 1051 979 1110; x_wconf 83' lang='lat' dir='ltr'>Britanni</span> <span class='ocrx_word' id='word_1_32' title='bbox 1005 1069 1069 1110; x_wconf 93' lang='lat' dir='ltr'>cum</span> 
     </span>
     <span class='ocr_line' id='line_1_7' title="bbox 126 1143 1070 1221; baseline -0.001 -17"><span class='ocrx_word' id='word_1_33' title='bbox 126 1145 208 1204; x_wconf 80' lang='lat' dir='ltr'>Afris</span> <span class='ocrx_word' id='word_1_34' title='bbox 234 1143 346 1204; x_wconf 91' lang='lat' dir='ltr'>bellum</span> <span class='ocrx_word' id='word_1_35' title='bbox 372 1149 485 1221; x_wconf 82' lang='lat' dir='ltr'>gerunt,</span> <span class='ocrx_word' id='word_1_36' title='bbox 514 1144 633 1204; x_wconf 86' lang='lat' dir='ltr'>tubicen</span> <span class='ocrx_word' id='word_1_37' title='bbox 660 1144 788 1221; x_wconf 91' lang='lat' dir='ltr'>quidam,</span> <span class='ocrx_word' id='word_1_38' title='bbox 817 1144 886 1203; x_wconf 89' lang='lat' dir='ltr'>vino</span> <span class='ocrx_word' id='word_1_39' title='bbox 914 1149 944 1203; x_wconf 89' lang='lat' dir='ltr'>et</span> <span class='ocrx_word' id='word_1_40' title='bbox 970 1163 1070 1221; x_wconf 87' lang='lat' dir='ltr'>sopore</span> 
     </span>
     <span class='ocr_line' id='line_1_8' title="bbox 127 1235 1071 1314; baseline -0.001 -18"><span class='ocrx_word' id='word_1_41' title='bbox 127 1255 287 1314; x_wconf 87' lang='lat' dir='ltr'>oppreeeus,</span> <span class='ocrx_word' id='word_1_42' title='bbox 312 1241 394 1296; x_wconf 88' lang='lat' dir='ltr'>extra</span> <span class='ocrx_word' id='word_1_43' title='bbox 416 1236 528 1296; x_wconf 83' lang='lat' dir='ltr'>vallum</span> <span class='ocrx_word' id='word_1_44' title='bbox 551 1236 687 1296; x_wconf 87' lang='lat' dir='ltr'>incautus</span> <span class='ocrx_word' id='word_1_45' title='bbox 710 1235 878 1296; x_wconf 83' lang='lat' dir='ltr'>dormiebat</span> <span class='ocrx_word' id='word_1_46' title='bbox 932 1235 1071 1297; x_wconf 73' lang='lat' dir='ltr'>Celeriter</span> 
     </span>
     <span class='ocr_line' id='line_1_9' title="bbox 126 1332 1070 1410; baseline 0 -18"><span class='ocrx_word' id='word_1_47' title='bbox 126 1334 162 1392; x_wconf 87' lang='lat' dir='ltr'>ad</span> <span class='ocrx_word' id='word_1_48' title='bbox 176 1333 272 1392; x_wconf 91' lang='lat' dir='ltr'>locum</span> <span class='ocrx_word' id='word_1_49' title='bbox 286 1339 483 1392; x_wconf 81' lang='lat' dir='ltr'>convenerunt</span> <span class='ocrx_word' id='word_1_50' title='bbox 496 1333 658 1410; x_wconf 79' lang='lat' dir='ltr'>complures</span> <span class='ocrx_word' id='word_1_51' title='bbox 671 1332 809 1410; x_wconf 79' lang='lat' dir='ltr'>hyaenae,</span> <span class='ocrx_word' id='word_1_52' title='bbox 823 1332 900 1391; x_wconf 80' lang='lat' dir='ltr'>fame</span> <span class='ocrx_word' id='word_1_53' title='bbox 919 1332 956 1391; x_wconf 90' lang='lat' dir='ltr'>ad</span> <span class='ocrx_word' id='word_1_54' title='bbox 978 1337 1070 1392; x_wconf 89' lang='lat' dir='ltr'>castra</span> 
     </span>
     <span class='ocr_line' id='line_1_10' title="bbox 126 1424 1069 1502; baseline -0.001 -18"><span class='ocrx_word' id='word_1_55' title='bbox 126 1425 276 1499; x_wconf 74' lang='lat' dir='ltr'>adductae,</span> <span class='ocrx_word' id='word_1_56' title='bbox 297 1424 501 1502; x_wconf 93' lang='lat' dir='ltr'>hominemque</span> <span class='ocrx_word' id='word_1_57' title='bbox 520 1444 573 1502; x_wconf 89' lang='lat' dir='ltr'>pro</span> <span class='ocrx_word' id='word_1_58' title='bbox 593 1431 707 1485; x_wconf 87' lang='lat' dir='ltr'>mortuo</span> <span class='ocrx_word' id='word_1_59' title='bbox 728 1425 765 1485; x_wconf 93' lang='lat' dir='ltr'>ad</span> <span class='ocrx_word' id='word_1_60' title='bbox 785 1425 882 1498; x_wconf 85' lang='lat' dir='ltr'>silvas,</span> <span class='ocrx_word' id='word_1_61' title='bbox 897 1443 970 1502; x_wconf 84' lang='lat' dir='ltr'>quea</span> <span class='ocrx_word' id='word_1_62' title='bbox 989 1424 1069 1484; x_wconf 91' lang='lat' dir='ltr'>haud</span> 
     </span>
     <span class='ocr_line' id='line_1_11' title="bbox 126 1517 1069 1595; baseline 0 -19"><span class='ocrx_word' id='word_1_63' title='bbox 126 1517 226 1595; x_wconf 90' lang='lat' dir='ltr'>procul</span> <span class='ocrx_word' id='word_1_64' title='bbox 252 1517 379 1593; x_wconf 89' lang='lat' dir='ltr'>aberant,</span> <span class='ocrx_word' id='word_1_65' title='bbox 408 1523 567 1577; x_wconf 79' lang='lat' dir='ltr'>traxerunt</span> <span class='ocrx_word' id='word_1_66' title='bbox 611 1517 674 1578; x_wconf 89' lang='lat' dir='ltr'>Ubi</span> <span class='ocrx_word' id='word_1_67' title='bbox 697 1521 760 1595; x_wconf 85' lang='lat' dir='ltr'>jam</span> <span class='ocrx_word' id='word_1_68' title='bbox 790 1518 878 1595; x_wconf 85' lang='lat' dir='ltr'>dapes</span> <span class='ocrx_word' id='word_1_69' title='bbox 905 1519 1069 1594; x_wconf 89' lang='lat' dir='ltr'>incepturae</span> 
     </span>
     <span class='ocr_line' id='line_1_12' title="bbox 125 1609 1067 1688; baseline -0.001 -18"><span class='ocrx_word' id='word_1_70' title='bbox 125 1616 202 1685; x_wconf 84' lang='lat' dir='ltr'>eunt,</span> <span class='ocrx_word' id='word_1_71' title='bbox 217 1610 346 1685; x_wconf 87' lang='lat' dir='ltr'>tubicen,</span> <span class='ocrx_word' id='word_1_72' title='bbox 361 1609 458 1669; x_wconf 86' lang='lat' dir='ltr'>subito</span> <span class='ocrx_word' id='word_1_73' title='bbox 479 1629 495 1669; x_wconf 91' lang='lat' dir='ltr'>e</span> <span class='ocrx_word' id='word_1_74' title='bbox 515 1630 617 1670; x_wconf 89' lang='lat' dir='ltr'>aomno</span> <span class='ocrx_word' id='word_1_75' title='bbox 639 1615 829 1688; x_wconf 75' lang='lat' dir='ltr'>experrectus,</span> <span class='ocrx_word' id='word_1_76' title='bbox 844 1611 914 1670; x_wconf 85' lang='lat' dir='ltr'>fecit</span> <span class='ocrx_word' id='word_1_77' title='bbox 934 1611 976 1684; x_wconf 89' lang='lat' dir='ltr'>id,</span> <span class='ocrx_word' id='word_1_78' title='bbox 989 1610 1067 1687; x_wconf 90' lang='lat' dir='ltr'>quod</span> 
     </span>
     <span class='ocr_line' id='line_1_13' title="bbox 126 1704 1068 1781; baseline -0.002 -18"><span class='ocrx_word' id='word_1_79' title='bbox 126 1704 269 1781; x_wconf 91' lang='lat' dir='ltr'>optimum</span> <span class='ocrx_word' id='word_1_80' title='bbox 279 1707 340 1762; x_wconf 89' lang='lat' dir='ltr'>erat</span> <span class='ocrx_word' id='word_1_81' title='bbox 353 1722 405 1780; x_wconf 87' lang='lat' dir='ltr'>pro</span> <span class='ocrx_word' id='word_1_82' title='bbox 414 1707 498 1762; x_wconf 87' lang='lat' dir='ltr'>tanto</span> <span class='ocrx_word' id='word_1_83' title='bbox 511 1704 648 1780; x_wconf 86' lang='lat' dir='ltr'>periculo,</span> <span class='ocrx_word' id='word_1_84' title='bbox 660 1723 728 1763; x_wconf 89' lang='lat' dir='ltr'>nam</span> <span class='ocrx_word' id='word_1_85' title='bbox 741 1704 821 1763; x_wconf 87' lang='lat' dir='ltr'>labra</span> <span class='ocrx_word' id='word_1_86' title='bbox 831 1704 918 1764; x_wconf 89' lang='lat' dir='ltr'>tubae</span> <span class='ocrx_word' id='word_1_87' title='bbox 928 1705 1068 1763; x_wconf 85' lang='lat' dir='ltr'>adhibens</span> 
     </span>
     <span class='ocr_line' id='line_1_14' title="bbox 125 1796 1067 1876; baseline 0 -20"><span class='ocrx_word' id='word_1_88' title='bbox 125 1797 286 1874; x_wconf 83' lang='lat' dir='ltr'>clangorem</span> <span class='ocrx_word' id='word_1_89' title='bbox 305 1815 393 1872; x_wconf 90' lang='lat' dir='ltr'>quam</span> <span class='ocrx_word' id='word_1_90' title='bbox 413 1796 572 1855; x_wconf 86' lang='lat' dir='ltr'>maximum</span> <span class='ocrx_word' id='word_1_91' title='bbox 592 1796 693 1856; x_wconf 74' lang='lat' dir='ltr'>edidit</span> <span class='ocrx_word' id='word_1_92' title='bbox 737 1797 801 1872; x_wconf 81' lang='lat' dir='ltr'>Quo</span> <span class='ocrx_word' id='word_1_93' title='bbox 822 1798 945 1874; x_wconf 88' lang='lat' dir='ltr'>strepitu</span> <span class='ocrx_word' id='word_1_94' title='bbox 965 1802 1067 1876; x_wconf 88' lang='lat' dir='ltr'>perter-</span> 
     </span>
     <span class='ocr_line' id='line_1_15' title="bbox 125 1888 1068 1969; baseline 0.001 -20"><span class='ocrx_word' id='word_1_95' title='bbox 125 1890 197 1950; x_wconf 83' lang='lat' dir='ltr'>ritae</span> <span class='ocrx_word' id='word_1_96' title='bbox 209 1888 339 1966; x_wconf 80' lang='lat' dir='ltr'>hyaenae</span> <span class='ocrx_word' id='word_1_97' title='bbox 359 1888 544 1965; x_wconf 81' lang='lat' dir='ltr'>diffugerunt,</span> <span class='ocrx_word' id='word_1_98' title='bbox 560 1888 765 1966; x_wconf 88' lang='lat' dir='ltr'>hominemque</span> <span class='ocrx_word' id='word_1_99' title='bbox 784 1888 929 1967; x_wconf 83' lang='lat' dir='ltr'>integrum</span> <span class='ocrx_word' id='word_1_100' title='bbox 950 1890 1068 1969; x_wconf 90' lang='lat' dir='ltr'>quidem</span> 
     </span>
     <span class='ocr_line' id='line_1_16' title="bbox 128 1982 721 2060; baseline 0.002 -18"><span class='ocrx_word' id='word_1_101' title='bbox 128 1983 179 2042; x_wconf 88' lang='lat' dir='ltr'>sed</span> <span class='ocrx_word' id='word_1_102' title='bbox 193 1987 299 2042; x_wconf 87' lang='lat' dir='ltr'>terrore</span> <span class='ocrx_word' id='word_1_103' title='bbox 313 1982 521 2042; x_wconf 87' lang='lat' dir='ltr'>semi-animem</span> <span class='ocrx_word' id='word_1_104' title='bbox 534 1982 721 2060; x_wconf 79' lang='lat' dir='ltr'>reliquerunt</span> 
     </span>
    </p>
   </div>
   <div class='ocr_carea' id='block_1_6' title="bbox 412 2208 787 2277">
    <p class='ocr_par' dir='ltr' id='par_1_6' title="bbox 412 2208 787 2277">
     <span class='ocr_line' id='line_1_17' title="bbox 412 2208 787 2277; baseline 0.003 -3"><span class='ocrx_word' id='word_1_105' title='bbox 412 2226 479 2277; x_wconf 88' lang='lat'>102.</span> <span class='ocrx_word' id='word_1_106' title='bbox 508 2210 573 2275; x_wconf 67' lang='lat' dir='ltr'>Tae</span> <span class='ocrx_word' id='word_1_107' title='bbox 587 2212 669 2276; x_wconf 87' lang='lat' dir='ltr'>Lost</span> <span class='ocrx_word' id='word_1_108' title='bbox 685 2208 787 2277; x_wconf 84' lang='lat' dir='ltr'>Clu&#39;ld.</span> 
     </span>
    </p>
   </div>
   <div class='ocr_carea' id='block_1_7' title="bbox 127 2360 1072 3461">
    <p class='ocr_par' dir='ltr' id='par_1_7' title="bbox 127 2360 1072 3461">
     <span class='ocr_line' id='line_1_18' title="bbox 170 2360 1072 2440; baseline -0.002 -17"><span class='ocrx_word' id='word_1_109' title='bbox 170 2364 208 2422; x_wconf 93' lang='lat' dir='ltr'>In</span> <span class='ocrx_word' id='word_1_110' title='bbox 234 2362 335 2423; x_wconf 69' lang='lat' dir='ltr'>Africi</span> <span class='ocrx_word' id='word_1_111' title='bbox 360 2362 462 2440; x_wconf 87' lang='lat' dir='ltr'>procul</span> <span class='ocrx_word' id='word_1_112' title='bbox 489 2362 526 2421; x_wconf 87' lang='lat' dir='ltr'>ab</span> <span class='ocrx_word' id='word_1_113' title='bbox 553 2362 614 2422; x_wconf 91' lang='lat' dir='ltr'>ullo</span> <span class='ocrx_word' id='word_1_114' title='bbox 642 2363 749 2440; x_wconf 90' lang='lat' dir='ltr'>oppido</span> <span class='ocrx_word' id='word_1_115' title='bbox 777 2360 922 2422; x_wconf 82' lang='lat' dir='ltr'>habitavit</span> <span class='ocrx_word' id='word_1_116' title='bbox 949 2363 1072 2440; x_wconf 76' lang='lat' dir='ltr'>agricola</span> 
     </span>
     <span class='ocr_line' id='line_1_19' title="bbox 129 2452 1071 2535; baseline -0.002 -19"><span class='ocrx_word' id='word_1_117' title='bbox 129 2456 256 2535; x_wconf 89' lang='lat' dir='ltr'>quidam,</span> <span class='ocrx_word' id='word_1_118' title='bbox 271 2457 319 2516; x_wconf 92' lang='lat' dir='ltr'>cni</span> <span class='ocrx_word' id='word_1_119' title='bbox 332 2460 415 2515; x_wconf 81' lang='lat' dir='ltr'>eraut</span> <span class='ocrx_word' id='word_1_120' title='bbox 427 2454 562 2514; x_wconf 86' lang='lat' dir='ltr'>undecim</span> <span class='ocrx_word' id='word_1_121' title='bbox 576 2454 668 2515; x_wconf 90' lang='lat' dir='ltr'>liberi.</span> <span class='ocrx_word' id='word_1_122' title='bbox 710 2454 758 2513; x_wconf 87' lang='lat' dir='ltr'>Ex</span> <span class='ocrx_word' id='word_1_123' title='bbox 778 2452 825 2514; x_wconf 83' lang='lat' dir='ltr'>his</span> <span class='ocrx_word' id='word_1_124' title='bbox 843 2454 986 2514; x_wconf 85' lang='lat' dir='ltr'>maximus</span> <span class='ocrx_word' id='word_1_125' title='bbox 999 2460 1071 2515; x_wconf 88' lang='lat' dir='ltr'>natu</span> 
     </span>
     <span class='ocr_line' id='line_1_20' title="bbox 130 2546 1071 2620; baseline -0.004 -9"><span class='ocrx_word' id='word_1_126' title='bbox 130 2570 198 2611; x_wconf 84' lang='lat' dir='ltr'>oves</span> <span class='ocrx_word' id='word_1_127' title='bbox 215 2550 249 2609; x_wconf 91' lang='lat' dir='ltr'>in</span> <span class='ocrx_word' id='word_1_128' title='bbox 267 2548 417 2608; x_wconf 88' lang='lat' dir='ltr'>montibus</span> <span class='ocrx_word' id='word_1_129' title='bbox 436 2546 626 2620; x_wconf 78' lang='lat' dir='ltr'>custodiebat,</span> <span class='ocrx_word' id='word_1_130' title='bbox 642 2548 729 2607; x_wconf 87' lang='lat' dir='ltr'>ceteri</span> <span class='ocrx_word' id='word_1_131' title='bbox 748 2552 846 2607; x_wconf 89' lang='lat' dir='ltr'>temen</span> <span class='ocrx_word' id='word_1_132' title='bbox 865 2547 958 2607; x_wconf 91' lang='lat' dir='ltr'>labori</span> <span class='ocrx_word' id='word_1_133' title='bbox 977 2548 1071 2607; x_wconf 87' lang='lat' dir='ltr'>adhuc</span> 
     </span>
     <span class='ocr_line' id='line_1_21' title="bbox 129 2638 1072 2718; baseline -0.005 -14"><span class='ocrx_word' id='word_1_134' title='bbox 129 2641 248 2705; x_wconf 86' lang='lat' dir='ltr'>inutiles</span> <span class='ocrx_word' id='word_1_135' title='bbox 260 2646 355 2701; x_wconf 86' lang='lat' dir='ltr'>totum</span> <span class='ocrx_word' id='word_1_136' title='bbox 369 2640 447 2699; x_wconf 91' lang='lat' dir='ltr'>diem</span> <span class='ocrx_word' id='word_1_137' title='bbox 463 2640 496 2699; x_wconf 90' lang='lat' dir='ltr'>in</span> <span class='ocrx_word' id='word_1_138' title='bbox 516 2640 591 2717; x_wconf 71' lang='lat' dir='ltr'>agne</span> <span class='ocrx_word' id='word_1_139' title='bbox 610 2638 759 2700; x_wconf 85' lang='lat' dir='ltr'>ludebant.</span> <span class='ocrx_word' id='word_1_140' title='bbox 800 2641 968 2718; x_wconf 81' lang='lat' dir='ltr'>Aliquando</span> <span class='ocrx_word' id='word_1_141' title='bbox 988 2642 1072 2700; x_wconf 91' lang='lat' dir='ltr'>mini·</span> 
     </span>
     <span class='ocr_line' id='line_1_22' title="bbox 130 2728 1071 2813; baseline -0.003 -16"><span class='ocrx_word' id='word_1_142' title='bbox 130 2756 203 2810; x_wconf 88' lang='lat' dir='ltr'>mus,</span> <span class='ocrx_word' id='word_1_143' title='bbox 218 2752 290 2813; x_wconf 87' lang='lat' dir='ltr'>puer</span> <span class='ocrx_word' id='word_1_144' title='bbox 303 2738 439 2811; x_wconf 86' lang='lat' dir='ltr'>quattuor</span> <span class='ocrx_word' id='word_1_145' title='bbox 451 2751 543 2792; x_wconf 91' lang='lat' dir='ltr'>annos</span> <span class='ocrx_word' id='word_1_146' title='bbox 556 2738 651 2809; x_wconf 88' lang='lat' dir='ltr'>uatus,</span> <span class='ocrx_word' id='word_1_147' title='bbox 667 2733 793 2793; x_wconf 89' lang='lat' dir='ltr'>inveniri</span> <span class='ocrx_word' id='word_1_148' title='bbox 806 2752 866 2793; x_wconf 91' lang='lat' dir='ltr'>non</span> <span class='ocrx_word' id='word_1_149' title='bbox 882 2728 1004 2812; x_wconf 67' lang='lat' dir='ltr'>poterat,</span> <span class='ocrx_word' id='word_1_150' title='bbox 1018 2754 1071 2794; x_wconf 92' lang='lat' dir='ltr'>nec</span> 
     </span>
     <span class='ocr_line' id='line_1_23' title="bbox 130 2825 1069 2908; baseline 0.001 -20"><span class='ocrx_word' id='word_1_151' title='bbox 130 2835 196 2908; x_wconf 87' lang='lat' dir='ltr'>post</span> <span class='ocrx_word' id='word_1_152' title='bbox 221 2832 352 2905; x_wconf 83' lang='lat' dir='ltr'>quartam</span> <span class='ocrx_word' id='word_1_153' title='bbox 380 2825 439 2884; x_wconf 91' lang='lat' dir='ltr'>diei</span> <span class='ocrx_word' id='word_1_154' title='bbox 469 2825 569 2884; x_wconf 90' lang='lat' dir='ltr'>horam</span> <span class='ocrx_word' id='word_1_155' title='bbox 596 2845 614 2885; x_wconf 89' lang='lat' dir='ltr'>a</span> <span class='ocrx_word' id='word_1_156' title='bbox 640 2826 778 2886; x_wconf 80' lang='lat' dir='ltr'>fratribus</span> <span class='ocrx_word' id='word_1_157' title='bbox 806 2832 975 2904; x_wconf 85' lang='lat' dir='ltr'>conspectus</span> <span class='ocrx_word' id='word_1_158' title='bbox 1002 2834 1069 2889; x_wconf 84' lang='lat' dir='ltr'>erat</span> 
     </span>
     <span class='ocr_line' id='line_1_24' title="bbox 130 2918 1071 2999; baseline -0.001 -17"><span class='ocrx_word' id='word_1_159' title='bbox 130 2925 285 2999; x_wconf 87' lang='lat' dir='ltr'>Postquam</span> <span class='ocrx_word' id='word_1_160' title='bbox 299 2940 365 2980; x_wconf 90' lang='lat' dir='ltr'>eum</span> <span class='ocrx_word' id='word_1_161' title='bbox 378 2918 488 2996; x_wconf 81' lang='lat' dir='ltr'>ubique</span> <span class='ocrx_word' id='word_1_162' title='bbox 501 2918 707 2995; x_wconf 85' lang='lat' dir='ltr'>quaesiverunt</span> <span class='ocrx_word' id='word_1_163' title='bbox 723 2924 752 2979; x_wconf 87' lang='lat' dir='ltr'>et</span> <span class='ocrx_word' id='word_1_164' title='bbox 772 2938 824 2997; x_wconf 88' lang='lat' dir='ltr'>per</span> <span class='ocrx_word' id='word_1_165' title='bbox 836 2920 921 2979; x_wconf 86' lang='lat' dir='ltr'>aedes</span> <span class='ocrx_word' id='word_1_166' title='bbox 941 2925 971 2979; x_wconf 89' lang='lat' dir='ltr'>et</span> <span class='ocrx_word' id='word_1_167' title='bbox 991 2940 1071 2997; x_wconf 82' lang='lat' dir='ltr'>agros</span> 
     </span>
     <span class='ocr_line' id='line_1_25' title="bbox 129 3011 1071 3091; baseline -0.003 -16"><span class='ocrx_word' id='word_1_168' title='bbox 129 3016 276 3087; x_wconf 87' lang='lat' dir='ltr'>finitimos,</span> <span class='ocrx_word' id='word_1_169' title='bbox 296 3012 414 3072; x_wconf 85' lang='lat' dir='ltr'>tandem</span> <span class='ocrx_word' id='word_1_170' title='bbox 434 3016 566 3088; x_wconf 85' lang='lat' dir='ltr'>parentes</span> <span class='ocrx_word' id='word_1_171' title='bbox 586 3012 728 3071; x_wconf 87' lang='lat' dir='ltr'>auxilium</span> <span class='ocrx_word' id='word_1_172' title='bbox 740 3011 777 3071; x_wconf 87' lang='lat' dir='ltr'>ab</span> <span class='ocrx_word' id='word_1_173' title='bbox 792 3012 895 3071; x_wconf 88' lang='lat' dir='ltr'>vicinis</span> <span class='ocrx_word' id='word_1_174' title='bbox 916 3014 1071 3091; x_wconf 79' lang='lat' dir='ltr'>amicisque</span> 
     </span>
     <span class='ocr_line' id='line_1_26' title="bbox 129 3104 1071 3185; baseline -0.001 -18"><span class='ocrx_word' id='word_1_175' title='bbox 129 3108 280 3185; x_wconf 76' lang='lat' dir='ltr'>petierunt</span> <span class='ocrx_word' id='word_1_176' title='bbox 324 3104 394 3164; x_wconf 89' lang='lat' dir='ltr'>Una</span> <span class='ocrx_word' id='word_1_177' title='bbox 407 3122 474 3163; x_wconf 89' lang='lat' dir='ltr'>eum</span> <span class='ocrx_word' id='word_1_178' title='bbox 487 3104 535 3163; x_wconf 92' lang='lat' dir='ltr'>his</span> <span class='ocrx_word' id='word_1_179' title='bbox 549 3104 645 3178; x_wconf 85' lang='lat' dir='ltr'>silvas,</span> <span class='ocrx_word' id='word_1_180' title='bbox 661 3104 785 3163; x_wconf 85' lang='lat' dir='ltr'>ferarum</span> <span class='ocrx_word' id='word_1_181' title='bbox 804 3104 929 3164; x_wconf 84' lang='lat' dir='ltr'>latebras</span> <span class='ocrx_word' id='word_1_182' title='bbox 944 3106 1071 3184; x_wconf 87' lang='lat' dir='ltr'>explora·</span> 
     </span>
     <span class='ocr_line' id='line_1_27' title="bbox 127 3196 1069 3274; baseline -0.002 -12"><span class='ocrx_word' id='word_1_183' title='bbox 127 3206 240 3262; x_wconf 76' lang='lat' dir='ltr'>verunt</span> <span class='ocrx_word' id='word_1_184' title='bbox 285 3198 383 3257; x_wconf 88' lang='lat' dir='ltr'>Vicini</span> <span class='ocrx_word' id='word_1_185' title='bbox 403 3196 521 3273; x_wconf 89' lang='lat' dir='ltr'>quidem</span> <span class='ocrx_word' id='word_1_186' title='bbox 541 3197 597 3257; x_wconf 88' lang='lat' dir='ltr'>sub</span> <span class='ocrx_word' id='word_1_187' title='bbox 611 3216 770 3274; x_wconf 86' lang='lat' dir='ltr'>vesperum,</span> <span class='ocrx_word' id='word_1_188' title='bbox 786 3216 862 3257; x_wconf 84' lang='lat' dir='ltr'>vano</span> <span class='ocrx_word' id='word_1_189' title='bbox 882 3197 979 3259; x_wconf 89' lang='lat' dir='ltr'>labore</span> <span class='ocrx_word' id='word_1_190' title='bbox 992 3200 1069 3273; x_wconf 85' lang='lat' dir='ltr'>fessi,</span> 
     </span>
     <span class='ocr_line' id='line_1_28' title="bbox 127 3288 1068 3366; baseline -0.001 -13"><span class='ocrx_word' id='word_1_191' title='bbox 127 3294 246 3353; x_wconf 89' lang='lat' dir='ltr'>domum</span> <span class='ocrx_word' id='word_1_192' title='bbox 268 3290 470 3364; x_wconf 87' lang='lat' dir='ltr'>discesserunt,</span> <span class='ocrx_word' id='word_1_193' title='bbox 496 3293 527 3347; x_wconf 85' lang='lat' dir='ltr'>at</span> <span class='ocrx_word' id='word_1_194' title='bbox 550 3294 683 3366; x_wconf 85' lang='lat' dir='ltr'>parentes</span> <span class='ocrx_word' id='word_1_195' title='bbox 703 3288 808 3363; x_wconf 85' lang='lat' dir='ltr'>miseri,</span> <span class='ocrx_word' id='word_1_196' title='bbox 831 3289 955 3350; x_wconf 78' lang='lat' dir='ltr'>ferarum</span> <span class='ocrx_word' id='word_1_197' title='bbox 976 3292 1068 3366; x_wconf 92' lang='lat' dir='ltr'>obliti,</span> 
     </span>
     <span class='ocr_line' id='line_1_29' title="bbox 127 3380 728 3461; baseline -0.008 -15"><span class='ocrx_word' id='word_1_198' title='bbox 127 3391 217 3445; x_wconf 82' lang='lat' dir='ltr'>totam</span> <span class='ocrx_word' id='word_1_199' title='bbox 231 3387 410 3461; x_wconf 84' lang='lat' dir='ltr'>pernoctem</span> <span class='ocrx_word' id='word_1_200' title='bbox 423 3382 455 3439; x_wconf 91' lang='lat' dir='ltr'>in</span> <span class='ocrx_word' id='word_1_201' title='bbox 469 3380 551 3439; x_wconf 81' lang='lat' dir='ltr'>silvis</span> <span class='ocrx_word' id='word_1_202' title='bbox 565 3380 728 3441; x_wconf 82' lang='lat' dir='ltr'>manebant</span> 
     </span>
    </p>
   </div>
   <div class='ocr_carea' id='block_1_8' title="bbox 0 0 1210 3875">
    <p class='ocr_par' dir='ltr' id='par_1_8' title="bbox 0 0 1210 3875">
     <span class='ocr_line' id='line_1_30' title="bbox 0 0 1210 3875; baseline 0 2"><span class='ocrx_word' id='word_1_203' title='bbox 0 0 1210 3875; x_wconf 95' lang='lat' dir='ltr'> </span> 
     </span>
    </p>
   </div>
  </div>
 </body>
</html>
