2409 3875
439 250 712 322 translations.
1009 259 1048 317 45

104 437 142 496 ab
162 438 254 498 oculis
274 441 402 500 omnium
427 442 560 502 abditum
581 448 632 504 est.
675 445 718 504 At
738 450 845 519 tonsor,
867 445 913 506 vir
933 446 1047 521 loquax,

102 530 164 606 qui,
179 532 250 591 dum
270 539 369 593 manet
388 535 421 594 in
440 536 520 608 urbe,
542 556 603 595 rem
624 537 676 596 rix
696 538 816 612 celabat,
838 557 888 598 rus
908 539 1048 613 discessit,

104 625 246 704 regisque
260 626 407 687 fortunam
421 628 570 688 arboribus
590 632 727 690 narmvit
771 631 835 690 Hae
849 636 946 691 autam
959 650 1051 691 eoma-

105 736 171 776 rum
190 740 318 794 susurru,
333 721 411 797 quod
425 727 512 781 vento
526 722 599 780 rami
612 724 714 799 agitati
727 728 806 799 sunt,
820 723 868 785 his
881 724 977 785 verbis
990 744 1050 785 rem

105 810 273 889 vulgabant,
290 817 308 846 “
317 812 394 874 Sunt
407 812 507 872 Midae
520 833 602 873 aures
616 814 716 875 asim

406 1037 457 1115 65.
479 1035 511 1098 Α
532 1036 741 1118 Scope-Goat.

147 1170 260 1248 Vulpes
282 1168 393 1243 sitiens,
418 1189 492 1246 quae
514 1169 671 1229 desiluerat
693 1171 727 1230 in
753 1178 883 1250 puteum,
907 1174 988 1234 haud
1009 1175 1053 1235 ita

107 1262 207 1338 altum,
219 1263 270 1323 sed
280 1262 418 1322 lateribus
428 1262 598 1339 praeruptis,
610 1268 775 1341 post-quam
785 1285 901 1325 omnem
911 1269 1052 1327 rationem

107 1358 191 1433 fugae
204 1356 311 1415 trustra
323 1359 493 1429 tentaverat,
506 1356 543 1415 ab
557 1357 637 1414 omni
647 1374 699 1433 spe
708 1358 820 1417 reditus
833 1359 989 1418 interclusa
999 1366 1048 1421 est

107 1450 182 1509 Mox
200 1454 298 1510 temen
318 1468 409 1527 caper,
425 1450 477 1525 qui
496 1468 602 1526 aquam
622 1450 748 1527 petebat,
763 1451 842 1528 quod
861 1452 968 1512 fervidi
983 1453 1053 1513 solis

106 1543 181 1603 radii
190 1562 272 1621 agros
281 1543 413 1617 urebant,
423 1542 461 1601 ad
472 1543 596 1601 eundem
606 1548 730 1620 puteum
739 1544 865 1606 advenit.
910 1549 929 1579 “
938 1545 1053 1619 Salve‚'’

106 1634 422 1712 inquit,“dulcissima‚
432 1636 1052 1715 nonneaquaistafrigidaestetjucundat”

108 1728 177 1788 “At
213 1746 363 1803 nunquam
392 1727 597 1803 jucundiorem
630 1727 721 1801 bibi,’'
754 1729 904 1806 respondit
938 1730 1051 1807 vulpes,

108 1820 221 1880 “desili
242 1821 332 1896 igitur
355 1839 444 1897 quam
467 1819 623 1894 celerrime,
645 1840 697 1897 ego
722 1822 799 1880 enim
821 1823 945 1899 jaim-diu
968 1842 1053 1900 parco

106 1933 205 1992 aquae,
218 1913 296 1991 quod
311 1918 339 1973 ts
350 1913 497 1992 expecto.’'
538 1912 604 1972 Hoc
614 1913 667 1973 ubi
680 1915 794 1975 audivit
802 1915 926 1975 stultum
937 1916 1052 1993 animal,

107 2013 141 2072 irr
160 2017 282 2090 puteum
302 2011 429 2072 desiluit.
471 2009 514 2069 At
534 2011 638 2087 vulpes
658 2012 763 2071 callida
785 2013 818 2071 in
843 2031 949 2073 cornua
968 2014 1054 2073 amici

106 2109 251 2187 prosiluit,
266 2127 389 2185 quorum
404 2110 564 2184 operisese
577 2106 615 2165 ad
629 2112 734 2166 terram
753 2108 927 2169 sublevavit.
971 2109 1053 2183 Inde,
1167 2140 1169 2143 ·

108 2202 206 2262 miseri
218 2201 304 2262 amici
317 2202 469 2262 immemor
480 2200 599 2260 domum
613 2199 752 2261 discessit

438 2432 489 2497 66.
512 2430 728 2514 Ingratitude.

58 2569 63 2580 ’
150 2579 241 2658 Apud
264 2584 400 2656 antiquos
423 2579 576 2656 scriptores
600 2579 694 2639 multa
720 2578 844 2656 legimus
870 2578 908 2640 de
931 2582 1056 2658 quodam

110 2675 216 2751 equite,
241 2673 293 2750 qui
316 2672 489 2749 Philippum
514 2672 563 2751 (de
587 2690 646 2748 qao
669 2691 757 2749 supra
783 2672 1057 2753 demonstravimus)

110 2766 333 2827 mansuetudine
367 2765 565 2842 exsuperabat.
615 2764 695 2824 Huic
722 2765 810 2839 enim,
839 2765 910 2825 dum
943 2768 1058 2827 saucius

110 2860 195 2918 humi
204 2861 292 2936 jacet,
307 2877 412 2935 aquam
426 2859 519 2917 multo
533 2857 634 2918 labore
652 2861 855 2934 apportaverat
867 2859 984 2918 amicus
1028 2861 1060 2919 Is

111 2957 209 3012 autem
232 2951 341 3028 insigni
365 2950 542 3010 abstinentia't
569 2969 676 3027 aquam
698 2950 753 3008 uni
777 2969 815 3010 ex
840 2950 984 3026 hostibus,
1008 2953 1061 3028 qai

107 3049 198 3124 juxta
206 3045 331 3122 jacebat,
343 3045 485 3120 integram
499 3043 641 3120 praebuit.
678 3042 721 3102 At
734 3043 861 3120 perfidus
873 3042 975 3116 hostis,
990 3044 1061 3103 dum

111 3141 223 3200 donum
243 3139 357 3215 accipit,
379 3137 473 3197 cultro
494 3156 622 3210 manum,
638 3155 712 3213 quaa
731 3137 869 3214 poculum
888 3137 1060 3214 porrigebat,

111 3233 290 3317 vulneravit
330 3231 406 3291 Tum
432 3249 519 3308 eques
539 3230 654 3311 ingrato
673 3229 731 3289 viri
751 3230 848 3288 animo
868 3229 968 3303 iratus,
987 3236 1060 3307 post

112 3347 201 3406 quam
222 3346 289 3388 eum
313 3326 426 3386 modice
449 3325 625 3402 culpaverat,
647 3327 758 3400 partem
782 3339 873 3396 aquae
893 3321 956 3397 ipse
976 3320 1061 3404 bibit,

113 3428 225 3500 partem
240 3427 339 3481 temen
352 3419 432 3479 hosti
445 3419 550 3480 iterum
564 3416 653 3476 dedit
