2409 3875
508 229 784 299 Translutions.
797 226 801 233 ’

376 500 426 565 34.
453 483 484 548 Τ
480 482 519 547 lte
534 484 562 549 S
564 482 711 548 tandurd
723 482 925 568 (continued).

214 617 245 677 N
246 638 284 678 ox
298 622 359 679 erat
371 623 402 679 et
415 619 485 677 luna
498 621 598 678 senno
613 617 746 696 fulgebat
758 618 845 679 caelo.
888 619 951 679 Diu
960 624 990 680 et
999 617 1121 697 vigilen-

174 716 218 770 ter
231 712 381 776 Gennetus
390 711 486 770 locum
496 711 685 773 custodiebat.
728 709 771 770 Aa
779 711 879 773 subito
891 713 971 773 canis
984 713 1120 773 latratum

174 806 242 865 edit
284 804 354 864 Jam
377 804 440 883 ipse
463 805 546 865 audit
569 806 667 866 lenem
694 804 830 866 sonitum.
874 805 982 866 Statim
1003 804 1122 882 stringit

174 900 310 978 gladium.
352 900 396 960 Aa
423 920 481 960 vox
515 905 592 977 nitu,
630 900 808 979 “Depone'’
841 903 947 980 inquit,
985 901 1122 974 “telum3

175 994 285 1057 Cloelia
297 999 350 1054 tua
362 1013 467 1072 sponse
481 995 560 1055 haud
573 996 675 1073 procul
689 995 726 1055 ab
746 995 803 1054 hoc
823 995 885 1055 loco
906 1001 935 1055 te
955 1000 1103 1073 exspectat
1110 1015 1121 1070 ;

118 1080 120 1083 ¹
174 1088 242 1149 vtni
255 1088 345 1165 igitur
357 1106 470 1147 mecum
491 1087 659 1149 celeriter.’'-
689 1087 806 1149 Stultus
826 1108 921 1164 eques,
936 1089 1004 1149 fidei
1023 1089 1121 1147 immt

42 1202 47 1211 ·
173 1199 244 1254 mor,
260 1180 414 1239 stationem
428 1181 552 1256 distrit3
572 1182 713 1259 relinquit
733 1186 830 1241 tamen
851 1200 951 1241 cenem
972 1181 1121 1241 custodem

173 1273 239 1334 loci.
290 1272 371 1333 Dum
406 1273 495 1348 abest,
527 1275 690 1353 clangorem
721 1293 865 1335 armorum
895 1274 987 1347 audit,
1015 1274 1122 1333 deinde

172 1365 319 1445 gdmltum.
364 1365 470 1425 Dolore
483 1367 583 1427 furens
602 1368 723 1428 recurrit
741 1367 779 1425 ad
798 1368 901 1427 locum.
944 1366 1047 1426 Eheu!
1065 1366 1122 1443 sig-

132 1500 139 1515 .
173 1478 245 1519 num
258 1458 349 1533 abest,
364 1461 395 1517 et
408 1458 503 1518 fidelis
517 1464 616 1519 custos
628 1458 820 1519 moribundus
829 1459 914 1537 jacet.

369 1687 417 1756 35.
455 1672 520 1738 lea
536 1675 564 1740 S
565 1672 713 1739 tandard
723 1671 927 1757 (continued).

214 1810 326 1869 Paucos
339 1817 405 1887 post
421 1810 484 1881 dies
504 1808 647 1869 Ricardus
667 1810 763 1886 copias
783 1810 926 1870 sociorum
944 1811 1118 1871 recensebat

173 1904 255 1964 Dum
283 1905 345 1982 ipse
371 1903 449 1980 regio
473 1903 545 1964 solio
569 1903 659 1976 sedet,
682 1902 826 1982 principes
852 1903 1031 1983 equitesque
1053 1923 1122 1964 cum

173 2003 275 2062 multis
302 2001 435 2060 millibus
462 2000 590 2060 militum
618 2007 686 2061 ante
712 2001 809 2060 oculos
836 2002 911 2078 regis
937 2002 1120 2063 incedebant.

175 2094 264 2155 Haud
276 2092 425 2171 proculab
439 2111 472 2152 so
485 2093 549 2152 loco
562 2092 660 2152 stabat
674 2093 822 2154 Gennetus
832 2113 899 2153 cum
912 2113 983 2153 cane
992 2094 1073 2153 fideli
1083 2092 1123 2169 (is

174 2189 253 2246 enim
262 2187 338 2246 vires
351 2185 478 2262 corporis
486 2184 725 2265 recuperaverat).
766 2187 835 2246 Jem
849 2187 937 2246 duces
950 2187 1124 2265 singillatim

174 2278 449 2358 regemsalutabant
492 2277 598 2338 Subito
607 2280 686 2339 canis
695 2298 761 2339 cum
770 2298 856 2339 saevo
866 2279 974 2339 latratu
984 2280 1139 2357 equitem‚‘

175 2393 243 2434 auro
263 2377 293 2432 et
313 2376 389 2432 ostro
411 2371 564 2450 insignem,
588 2391 626 2432 ex
649 2390 723 2450 equo
744 2372 778 2431 iu
801 2371 951 2450 pulvirem
976 2373 1121 2436 deturbat

175 2467 303 2530 Comites
324 2483 389 2524 cum
410 2465 533 2525 clamore
553 2469 713 2526 occurrunt
766 2465 810 2524 At
829 2484 887 2540 rex,
909 2465 1124 2540 “consistite”

174 2560 280 2636 inquit,
304 2557 435 2632 “amici3
451 2557 532 2634 justa
552 2561 597 2616 est
617 2575 719 2634 poena,
733 2555 783 2617 hic
797 2557 876 2617 euim
889 2577 987 2617 meum
1006 2559 1125 2638 siguum

175 2647 322 2714 violavit.''

421 2819 470 2902 36.
498 2818 564 2884 'ste
577 2819 736 2902 Fuitleful
745 2821 877 2887 Houetd.

218 2956 385 3018 (lumbricus
407 2955 486 3030 olim,
501 2973 566 3014 acer
578 2959 708 3027 venator,
730 2955 845 3015 fidilem
866 2955 993 3016 habebat
1013 2975 1124 3032 canem,

176 3053 293 3112 nomine
304 3049 460 3110 Gelertum
504 3048 585 3108 Dum
598 3049 661 3124 ipse
675 3049 708 3107 in
721 3048 805 3108 silvis
818 3048 908 3122 abest,
923 3068 1025 3109 canem
1039 3069 1126 3127 saepe

176 3143 357 3221 relinquebat
378 3142 460 3219 parvi
487 3141 542 3200 filii
568 3142 724 3201 custodem
771 3141 938 3219 Aliquando
965 3147 1045 3202 mire
1070 3162 1126 3204 suu

178 3238 310 3299 Gelertus
330 3235 481 3295 dominum
502 3233 636 3294 rdddcem
649 3254 715 3294 cum
729 3235 805 3295 laeto
826 3237 950 3295 clamore
969 3237 1123 3298 salutabat

176 3333 219 3390 At
231 3330 329 3390 subito
343 3329 477 3388 dominus
491 3332 591 3405 pectus
606 3328 669 3404 ejus
682 3333 713 3386 ct
722 3327 824 3388 denms
837 3329 977 3406 sauguine
991 3334 1127 3390 cruentos

176 3429 276 3497 notat3
297 3421 464 3499 perterritus
484 3438 572 3480 cunas
592 3421 677 3496 parvi
696 3421 751 3480 filii
771 3421 853 3497 petit.
897 3421 983 3482 Eheu
1001 3439 1127 3501 puerum
