2409 3875
453 213 729 281 Tmnslations.

276 442 344 510 107.
366 429 398 492 Α
416 429 523 492 Harcl
532 428 684 512 Bargain
700 425 907 512 (continued).

159 546 233 606 Inde
256 566 372 624 pauper,
384 546 474 624 justis
494 547 669 607 funebribus
689 546 867 624 perfunctus,
883 545 961 622 quod
974 545 1061 604 fidem

118 639 217 697 dotem
230 639 337 698 violare
351 640 457 715 noluit,
471 658 524 717 per
536 639 609 698 dues
622 643 723 699 noctes
743 638 905 715 sepulcrum
924 636 1061 713 agricolao

118 731 308 793 custodiebat.
360 733 458 792 Tertia
480 737 580 792 tamen
607 737 692 792 nocte
720 731 802 791 Mors
829 733 893 810 ipsa
920 731 1058 808 apparuit,

119 824 235 884 funebri
248 830 329 886 veste
342 826 456 900 induta,
465 829 496 885 st
505 844 609 902 corpus
619 825 676 884 sibi
690 826 765 885 tradi
775 826 872 902 jussit.
914 823 946 884 Is
956 829 1056 900 autem,

120 915 175 978 etsi
196 921 294 998 capilli
315 940 383 998 pras
402 926 483 980 metu
503 919 685 994 horruerunt,
707 921 841 999 promissi
863 939 924 980 non
944 921 1058 996 oblitus,

120 1011 247 1072 Mortem
260 1014 303 1074 ita
315 1014 458 1074 allocutus
477 1017 528 1072 est
573 1017 592 1046 “
601 1014 755 1091 Equidem,
771 1014 860 1087 More,
875 1014 930 1073 hoc
943 1014 1060 1072 cadaver

120 1105 176 1164 tibi
190 1108 342 1167 concedam
355 1127 363 1181 ;
383 1111 482 1185 repeto
493 1112 589 1165 temen
603 1126 656 1183 pro
670 1107 723 1165 tali
736 1126 854 1166 munere
862 1112 977 1166 tantum
990 1106 1057 1182 auri,

120 1204 262 1276 quantum
275 1219 312 1258 ex
325 1201 397 1259 meis
416 1200 566 1258 cothurnis
585 1200 709 1258 alterum
729 1198 941 1276 compleverit”
982 1199 1060 1260 Mors

119 1311 179 1351 non
207 1293 317 1370 respuit
344 1292 550 1353 conditionem.
616 1292 691 1353 Inde
718 1293 789 1351 dum
816 1293 885 1352 husa
912 1293 1060 1370 pecuniam

120 1385 244 1461 arcessit,
259 1385 310 1446 ills
322 1386 417 1446 cultro
430 1387 523 1446 imum
542 1386 718 1446 cothurnum
738 1385 871 1462 perforat
914 1385 1003 1444 Haud
1023 1386 1062 1444 its

120 1478 213 1538 multo
240 1483 315 1556 poet,
343 1478 585 1555 More‚regresso,
614 1497 800 1538 nummorum
827 1497 949 1551 saccum,
978 1497 1064 1554 quem

120 1572 285 1649 reportavit,
300 1572 333 1631 in
347 1572 522 1632 cothurnum
536 1572 646 1633 effudit
689 1571 797 1631 Mirata
811 1571 889 1649 quod
906 1570 1063 1631 cothurnus

120 1664 252 1726 nondum
275 1664 435 1740 completus
455 1669 508 1737 est,
530 1665 654 1724 alterum
674 1683 789 1724 saccum
813 1664 906 1741 priore
926 1665 1064 1742 majorem

120 1757 274 1817 arcessivit
317 1757 447 1816 Tandem
460 1762 614 1835 postquem
631 1777 668 1816 ne
688 1758 736 1817 hic
750 1757 869 1833 quidem
889 1757 1065 1816 cothurnum

120 1849 262 1926 complere
275 1848 375 1922 valuit,
391 1849 463 1908 dum
479 1852 597 1910 tertium
612 1870 726 1911 saecum
739 1850 864 1924 arcessit,
881 1850 941 1910 sole
955 1851 1065 1912 oriente

120 1950 248 2019 excepta,
264 1943 422 2002 necessario
436 1944 533 2019 fugare
547 1950 645 2003 coacta
659 1950 710 2007 est

354 2108 422 2171 108.
456 2104 535 2170 Who
549 2105 650 2170 killed
662 2106 714 2171 the
730 2107 836 2175 Cock?

160 2226 245 2287 Anus
272 2226 420 2303 quaedam,
447 2244 521 2302 quas
547 2225 628 2284 haud
656 2226 756 2302 procul
783 2226 905 2285 Tarento
933 2226 970 2285 ab
994 2226 1064 2287 urbe

120 2319 271 2392 habitavit,
288 2337 355 2377 suas
368 2318 488 2376 ancillas
501 2317 539 2376 ad
558 2317 629 2394 galli
646 2323 763 2376 centum
784 2338 799 2376 e
819 2338 920 2377 somno
941 2320 1065 2378 excitare

120 2412 239 2472 solebat.
283 2410 348 2470 Hae
361 2410 451 2487 igitur
464 2410 544 2487 quod
557 2429 575 2468 a
587 2410 681 2487 primi
693 2410 758 2470 luce
771 2428 863 2487 usque
883 2410 920 2469 ad
934 2430 1062 2471 occasum

120 2505 189 2565 solis
216 2504 344 2563 laborem
370 2504 514 2562 sustinere
540 2508 655 2562 coactae
681 2508 759 2578 eunt,
788 2503 898 2581 gallum
925 2504 1063 2563 malorum

121 2616 235 2658 causam
259 2596 388 2656 occidere
412 2596 633 2656 constituerunt.
676 2594 796 2656 Postero
819 2596 909 2673 igitur
936 2596 983 2655 die
1011 2596 1081 2663 sub,

119 2708 282 2768 vesperum,
303 2689 374 2748 dum
394 2688 484 2748 ultera
507 2688 594 2765 pedes
616 2688 687 2766 galli
710 2692 832 2766 utrique
851 2708 941 2749 manu
961 2690 1067 2748 retinet

1 2845 2 2856 ,
120 2788 258 2857 aversata,
284 2782 383 2855 alters,
407 2800 481 2858 quae
512 2781 599 2858 paulo
634 2781 769 2842 audacior
795 2783 861 2857 fuit,
889 2788 978 2861 caput
1005 2783 1067 2842 avis

1 2867 2 2944 J
120 2875 246 2937 infelicis
260 2875 352 2935 securi
366 2874 513 2952 percussit.
557 2872 595 2932 Id
609 2878 708 2933 tamen
721 2874 806 2953 longe
824 2876 908 2934 alitor
924 2875 1021 2935 evenit
1035 2894 1067 2934 ae

120 2969 272 3048 putabant
315 2966 475 3045 Postquam
495 2966 573 3026 anim
592 2967 687 3043 gallus
707 2967 878 3028 interfectus
899 2974 968 3044 erat,
985 2988 1067 3044 anus,

120 3082 194 3142 quaa
205 3062 242 3121 ad
257 3062 289 3120 id
303 3066 418 3139 tempus
429 3064 547 3120 cantum
558 3061 621 3136 ejus
633 3060 777 3136 patienter
788 3067 937 3138 expectere
948 3062 1067 3138 solebat,

120 3154 250 3228 ancillas,
262 3172 341 3212 nuno
354 3152 450 3210 medii
464 3156 558 3225 nocte,
570 3170 648 3211 nunc
662 3152 756 3229 prima
765 3152 839 3225 luce,
851 3173 962 3231 semper
972 3160 1069 3214 tamen

120 3248 262 3309 maturius
275 3265 362 3325 quam
376 3250 471 3318 anteo,
485 3262 501 3301 e
520 3262 621 3302 somno
635 3246 782 3306 excitavit
825 3245 959 3306 Ancillas
972 3248 1068 3325 igitur,

120 3361 193 3421 quae
214 3342 257 3399 ita
276 3358 308 3399 se
324 3335 494 3409 fefellerant,
517 3340 672 3413 protento
693 3336 820 3396 facinore
841 3338 943 3416 dignas
963 3357 1072 3416 poenas

121 3434 329 3513 persolverunt
