2409 3875
434 217 709 284 Translations.

381 512 431 594 89
460 511 491 576 T
487 533 560 577 own
574 533 604 577 v.
624 511 771 592 Coeantay.

141 665 279 725 Urbanus
292 684 366 738 mus,
378 664 430 740 qui
443 683 492 722 rus
505 665 542 722 ad
556 663 675 724 fratrem
688 663 789 737 iverat,
801 663 900 723 eibum
910 664 1050 724 rusticum

100 777 183 834 aegre
195 758 266 817 tulit
279 763 367 834 atque
381 756 464 816 idere
478 756 582 816 noluit.
627 755 689 816 “Si
702 757 774 831 vis,''
785 757 891 834 inquit,
905 758 1050 818 “domum

102 869 224 909 meeum
243 850 337 911 redire
357 855 520 911 sexeentas
540 850 660 909 delicias
680 848 827 911 habebis.''
870 851 975 927 Itaque
995 851 1049 923 illi,

101 950 256 1020 postquam
276 943 367 1003 totius
386 943 445 1003 diei
466 943 522 1002 iter
538 946 677 1017 iecerunt,
692 943 789 1002 medii
808 947 893 1002 noete
912 944 1049 1020 parietem

101 1036 250 1115 splendidi
276 1037 401 1096 aedificii
429 1038 502 1096 rima
526 1040 650 1114 angentia
669 1036 780 1095 ineunt.
823 1037 898 1095 Tum
921 1055 987 1096 mus
1006 1055 1051 1094 ur·

102 1128 196 1189 banus
214 1130 382 1208 magnificas
404 1130 493 1207 dapes
513 1131 607 1203 affert,
623 1134 652 1188 et
676 1129 818 1188 rusticum
839 1129 872 1188 in
892 1128 967 1188 lecto
987 1148 1052 1206 pur·

102 1243 192 1302 puteo
202 1224 286 1283 least
329 1225 372 1282 At
381 1223 480 1283 subito
490 1224 594 1299 ingens
604 1222 725 1280 auditur
736 1222 862 1294 alamor;
883 1223 1053 1299 panduntur

103 1323 221 1393 porta03
240 1317 364 1376 inruunt
375 1315 474 1375 dasem
484 1315 561 1375 servi
572 1315 729 1391 nigerrimi.
773 1314 862 1390 Fugit
876 1317 1054 1391 per-territus

103 1429 169 1468 mus
192 1415 324 1486 uterque,
346 1414 377 1468 et
396 1409 450 1468 vix
476 1409 510 1468 in
537 1408 700 1485 perfugium
727 1425 758 1466 se
785 1407 895 1483 recipit.
938 1408 1055 1468 Deinde

103 1502 236 1562 rusticus.
282 1500 421 1574 “Solus''
443 1501 549 1576 inquit,
573 1501 693 1559 “vitam
717 1498 858 1558 urbanam
879 1518 981 1576 carpa;
1002 1520 1053 1578 ago

105 1600 182 1656 certe
195 1595 320 1656 salutem
334 1599 364 1654 et
376 1595 498 1672 glandes
511 1613 589 1654 meas
602 1593 705 1654 malo.''

333 1881 384 1951 90.
411 1864 644 1951 Countinglzer
660 1863 817 1932 Cln'ckens.

148 2016 265 2093 Phyllis
279 2014 385 2074 aneilla
398 2016 539 2091 quaedam
552 2014 752 2074 mulctrarium
763 2014 833 2074 novi
842 2013 925 2074 lactis
935 2016 1055 2093 plenum

109 2109 216 2169 Nolam
230 2108 348 2167 serebat.
391 2107 473 2165 Dum
486 2108 543 2165 iter
556 2107 637 2180 facit,
651 2125 718 2165 suas
732 2125 801 2183 opes
820 2107 863 2165 ite
875 2109 1052 2169 numerabat.

111 2206 130 2235 “
139 2201 250 2275 certe?
264 2200 371 2276 inquit,
388 2199 468 2258 “ubi
481 2198 525 2258 lae
539 2199 698 2258 vendidero
713 2216 768 2257 ova
788 2199 935 2276 complura
955 2206 1056 2279 potero

110 2315 210 2355 emere.
266 2294 297 2352 N
300 2311 376 2352 onus
406 2311 444 2350 ex
478 2292 542 2351 ovis
575 2292 735 2369 gignuntur
768 2291 863 2369 pallii
897 2312 934 2352 ex
967 2294 1056 2370 pullis

110 2387 279 2465 argentuml
319 2385 395 2444 Tum
418 2402 500 2442 suem
520 2404 614 2443 emere
637 2384 670 2442 in
690 2384 787 2443 animo
808 2389 860 2457 est,
882 2405 955 2462 quas
975 2387 1057 2447 brevi

110 2481 242 2560 porculoa
262 2478 371 2537 multos
391 2477 466 2535 mihi
486 2478 584 2554 pariat
628 2477 705 2536 Inde
719 2478 774 2538 erit
793 2477 867 2535 mihi
880 2497 983 2552 vacce3
1004 2498 1056 2539 nee

111 2574 204 2633 multo
238 2577 305 2649 post
331 2570 444 2628 vitulus
472 2570 553 2628 fusco
580 2568 683 2644 colore,
721 2569 812 2628 oeulis
846 2569 1054 2646 pulcherrimis.

112 2673 228 2747 Quanti
240 2668 352 2728 laetitia
365 2664 501 2740 vitulum,
516 2666 587 2725 dum
607 2666 695 2724 saltat
714 2666 746 2724 in
766 2665 864 2741 pratis,
879 2668 1016 2743 aspiciam
1025 2670 1058 2727 l'’

112 2764 193 2822 Haec
207 2761 260 2821 ubi
274 2761 352 2819 dixit
365 2778 434 2835 pras
447 2758 553 2835 gaudio
566 2758 686 2817 saltavit
699 2757 771 2834 ipsa,
787 2776 845 2834 quo
857 2757 956 2819 subito
975 2767 1057 2821 motu

112 2858 156 2914 lae
167 2873 252 2915 omne
261 2855 320 2912 uni.
330 2868 397 2910 cum
406 2851 576 2911 divitiarum
588 2870 641 2927 spe
654 2850 777 2909 effusum
791 2855 842 2909 est
