2409 3875
167 206 207 274 50
503 204 775 277 Translations.

166 402 326 463 admonuit
371 404 388 435 “
400 401 477 460 Mihi
487 400 607 478 quidem
621 401 654 461 in
666 400 764 461 animo
775 404 827 473 est,
838 400 970 460 omnium
983 419 1112 460 meorum

166 495 276 556 civium
288 494 419 554 fortrmas
433 512 610 571 cognoscere.
652 494 697 554 Tu
710 493 789 553 hunc
809 492 938 553 laborem
958 512 1010 570 pro
1031 498 1112 570 patre

167 589 285 666 suscipe
328 587 376 648 En
389 587 447 647 tibi
459 587 538 646 bunc
552 587 701 648 calathum
714 606 834 648 ovorum
848 587 976 664 plenum,
990 587 1112 663 hosque

167 684 224 743 duo
237 700 326 760 equos
339 680 496 741 committo.
540 679 594 755 Τιι,
606 680 678 739 dum
690 679 793 739 urbem
805 680 970 758 perlustras,
982 680 1010 739 ei
1023 700 1111 739 ovum

166 776 211 848 da,
227 792 415 851 quaecunque
428 792 514 832 suum
528 773 681 849 conjugem
695 772 787 850 regit3
808 792 871 832 eam
884 778 992 846 autem,
1008 792 1111 849 quasa

166 866 609 946 conjugeregitur,equ0dona”
643 866 738 926 Filius
748 867 871 926 stoicem
880 865 1041 943 intelligere
1050 886 1111 926 non

166 966 268 1040 potest,
283 959 411 1038 parentis
428 963 527 1019 tamen
540 958 678 1017 mandata
698 959 817 1036 perficit
861 958 924 1019 Ubi
937 958 975 1018 ad
987 959 1110 1037 primam

165 1056 285 1117 domum
307 1052 436 1126 cdvenit,
461 1071 562 1112 vocem
589 1070 719 1129 asperam
743 1052 857 1112 audivit
880 1051 1012 1126 feminae,
1037 1070 1111 1130 quae

165 1150 203 1209 ob
216 1147 312 1208 nescio
325 1164 411 1223 qusm
427 1163 541 1204 causam
555 1144 672 1221 conjugi
685 1144 882 1204 mslelioebat
930 1144 1008 1204 Huic
1021 1164 1110 1206 ovum

164 1242 252 1302 dedit
303 1238 419 1298 Deinde
439 1237 559 1296 alteram
579 1237 699 1297 domum
718 1237 802 1314 petit,
822 1240 881 1314 quat
900 1239 1009 1314 conJ'ux
1028 1244 1111 1298 extre

163 1339 275 1415 portam
289 1331 393 1404 stabat,
409 1329 488 1407 quod
501 1349 576 1390 uxor
588 1349 656 1390 eum
676 1330 752 1391 ioras
771 1334 941 1403 extruserat,
957 1331 1026 1389 dum
1047 1332 1110 1408 ipsa

164 1430 283 1489 domam
296 1424 393 1487 verrit.

306 1902 355 1971 72.
385 1885 450 1952 The
464 1884 586 1952 Basket
599 1887 642 1967 of
648 1887 742 1971 Eggs
757 1886 964 1971 (continued).

203 2085 277 2146 Inde
297 2083 416 2160 juvenis
437 2083 474 2142 ad
498 2082 592 2142 multa
616 2083 748 2142 aedilicia
768 2084 824 2143 iter
843 2084 975 2158 iaciebat,
997 2085 1108 2144 nullam

162 2185 259 2240 tamen
269 2178 406 2237 feminam
422 2176 567 2236 mandatis
578 2176 636 2236 viri
646 2177 831 2236 obedientem
841 2177 973 2238 invenire
985 2185 1105 2255 poterat

161 2271 283 2348 Vesperi
293 2271 346 2330 ubi
354 2289 448 2329 unum
458 2269 545 2329 modo
554 2270 810 2329 ovumincslatbo
821 2271 1109 2332 manebatadcasam

161 2363 308 2442 quandam
324 2362 452 2436 advenit,
474 2363 559 2439 cujus
578 2362 691 2422 incolae
711 2364 879 2424 coenabant
922 2364 965 2423 Hi
985 2364 1110 2444 benigne

158 2461 299 2537 juvenem
322 2456 477 2533 accipiunt,
503 2461 678 2532 vocant-que
705 2456 743 2515 ad
770 2476 895 2517 coenam.
952 2457 984 2516 le
1010 2459 1107 2535 igitur,

162 2553 233 2612 dum
247 2550 371 2609 libenter
384 2553 494 2622 coenat,
509 2566 603 2607 mores
623 2548 776 2626 utriusqus
790 2549 945 2626 diligenter
965 2550 1107 2624 observat,

162 2646 322 2720 laetusque
342 2641 492 2702 mulierem
512 2640 650 2718 pudicam
670 2641 826 2718 cognoscit,
842 2661 915 2718 quae
934 2661 1047 2720 semper
1063 2645 1110 2724 (ut

163 2735 293 2817 videtur)
312 2735 431 2812 conjugi
451 2738 540 2812 paret
584 2733 693 2792 Tum'
680 2734 809 2810 juvenis,
834 2736 972 2794 “Tantae
992 2736 1110 2796 virtutis
1194 2726 1195 2731 ¹

163 2831 323 2910 praemium
342 2828 427 2888 vobis
447 2827 595 2887 reddere
586 2845 619 2886 ιιι
639 2826 737 2887 animo
757 2832 808 2887 est
861 2826 939 2888 Sunt
958 2829 1032 2888 mihi
1051 2828 1110 2888 duo
1193 2826 1194 2847 ¹

165 2923 241 3001 equi,
256 2923 326 2981 haec
342 2920 417 2995 alba,
433 2919 484 2979 ills
504 2917 610 2979 autem
623 2919 711 2997 niger.
754 2920 803 2980 Ex
821 2919 869 2979 his
883 2920 967 2981 vobis
988 2920 1110 2981 alterum
1169 2900 1194 2994 ‘l

164 3018 259 3091 dabo;
279 3020 389 3075 utrum.
392 3012 573 3074 mavultisl”
616 3011 797 3090 “Nigruml’
811 3031 880 3072 vero
893 3015 1085 3091 respondit
1056 3034 1109 3075 arr.

166 3110 439 3174 “Atoetultissime
452 3110 541 3184 tace,”
556 3108 850 3182 exclamatfemina‘
851 3110 1004 3186 ‘equidem
1016 3111 1112 3170 albam

166 3227 269 3286 equam
282 3205 368 3281 malo,
379 3223 433 3264 noc
443 3202 500 3264 tibi
512 3204 545 3263 in
558 3201 614 3262 bac
627 3221 659 3261 re
672 3222 771 3278 parere
781 3201 876 3263 volo.”
916 3202 959 3262 At
972 3204 1113 3282 Princeps
1189 3242 1190 3273 ;

166 3322 232 3362 oum
256 3302 316 3361 risu
340 3317 429 3359 orum
453 3297 513 3357 suis
537 3293 704 3371 hospitibus
727 3295 788 3368 dat,
809 3296 921 3372 etipse
943 3314 1009 3355 cum
1031 3299 1116 3372 equis
1189 3294 1190 3313 ¹

166 3396 284 3456 domum
299 3394 336 3453 ad
350 3398 458 3470 patrem
474 3410 504 3450 sc
518 3391 628 3466 recipit
