2409 3875
474 235 746 302 Translotions.

340 495 391 562 95.
412 481 501 543 How
515 490 614 562 teget
627 477 686 542 rid
696 479 767 560 ofa
792 479 884 559 Wise.

182 614 305 673 Fulvius
324 613 451 689 quidam,
473 614 522 671 cui
541 632 614 671 uxor
633 617 693 671 erat
714 611 851 684 difficilis,
871 612 950 688 quod
969 631 1032 670 eam
1048 613 1079 672 vi

141 707 300 765 interficere
332 724 393 764 non
427 704 560 777 audebat,
588 704 720 763 fraudem
748 704 885 762 adhibere
918 705 1077 765 constituit.

142 799 296 857 Mulierem
308 798 398 874 igitur
407 796 445 855 ad
455 797 547 872 ripam
557 795 695 868 fluminis,
705 796 783 872 quod
794 815 844 871 per
854 796 951 871 ipsum
963 795 1080 855 hortum

141 891 257 963 fluebat,
278 890 372 948 duxit
414 888 478 963 Quo
498 889 551 946 ubi
570 888 699 962 advenit,
730 887 861 961 “Mihi’'
888 888 994 962 inquit,
1021 890 1080 947 “in

142 983 238 1041 animo
258 986 302 1039 est
322 1001 338 1039 e
357 981 420 1041 vite
438 980 591 1039 discedere.
634 979 680 1038 Tu
707 979 803 1056 igitur,
825 985 860 1038 ut
883 998 958 1038 uxor
976 980 1080 1054 fidelis,

142 1074 278 1132 extremis
298 1073 354 1132 viri
373 1072 518 1134 mandatis
538 1072 633 1149 pare.”
674 1071 758 1131 Uxor
777 1073 894 1130 incauta
913 1071 1000 1131 fidem
1020 1072 1077 1133 dat

144 1168 272 1243 “Ergo’'
292 1167 390 1243 iuquit
409 1165 541 1237 Fulvius,
565 1169 696 1224 “manus
715 1165 790 1224 mihi
813 1171 880 1242 post
893 1169 1005 1242 tergum
1025 1163 1080 1223 hoc

141 1259 213 1318 fune
225 1259 312 1332 vinci,
333 1277 447 1334 ms-que
465 1258 499 1316 in
518 1258 628 1316 flumen
648 1257 767 1334 dejice.''
808 1256 883 1316 Tum
896 1277 937 1330 ea,
953 1258 1008 1316 etsi
1020 1275 1081 1315 rem

143 1351 254 1411 credere
280 1351 334 1410 vix
359 1351 464 1427 potuit,
490 1350 569 1426 quod
595 1350 692 1408 noluit
719 1349 806 1408 fidem
840 1349 938 1408 datam
964 1349 1079 1421 violare,

143 1462 245 1503 manus
263 1443 327 1519 ejus
346 1443 528 1516 constrinxit,
549 1446 581 1500 et
599 1442 727 1500 maximo
748 1442 816 1500 nisu
840 1461 906 1501 eum
925 1441 958 1499 in
978 1461 1081 1518 aquam

143 1535 300 1614 propellere
312 1536 430 1612 paravit
472 1535 515 1592 At
528 1534 651 1594 Fulvius
664 1534 761 1593 subito
777 1539 859 1593 motu
872 1535 997 1610 eorporis
1010 1536 1081 1610 peri·

143 1629 240 1689 culum
253 1628 354 1700 elusit,
369 1627 539 1702 mulier-que
557 1626 721 1702 improvida
738 1645 790 1685 suo
808 1627 920 1703 impetu
933 1628 965 1685 in
978 1645 1082 1703 aquam

144 1739 276 1799 praeceps
289 1721 430 1797 dejicitur.
473 1719 549 1778 Inde
561 1719 673 1777 miseris
687 1719 819 1796 precibus
832 1718 975 1778 auxilium
988 1719 1082 1778 oranti

143 1812 378 1890 responditil103
410 1811 513 1869 “Volo
533 1810 668 1886 equidem
688 1815 717 1868 ta
735 1813 837 1886 juvare
846 1831 855 1884 ;
886 1810 965 1887 quod
984 1815 1081 1868 tamen

144 1928 221 1968 meas
233 1926 335 1967 manus
347 1907 479 1980 vinxisti,
494 1906 576 1966 nullo
590 1906 676 1965 modo
690 1907 832 1983 possum”

413 2068 464 2149 96.
487 2069 517 2132 Α
540 2068 639 2132 Stern
653 2067 816 2148 Examplc.

182 2182 255 2241 Dux
282 2182 408 2258 quidam,
430 2182 482 2257 qui
508 2200 574 2239 cum
601 2180 695 2239 Gallis
721 2180 832 2240 bellum
858 2183 980 2257 gerebat,
1004 2183 1082 2257 quod

143 2275 238 2334 voluit
252 2276 328 2334 cives
341 2273 379 2331 ab
392 2274 472 2331 omni
492 2273 599 2349 injuris
619 2273 779 2346 defendere,
794 2274 895 2350 poenis
907 2274 1083 2350 gravissimis

143 2386 210 2427 suos
226 2367 334 2443 rapinis
353 2365 531 2441 prohibebat
573 2365 652 2425 Olim
673 2364 745 2423 dum
764 2385 831 2424 eum
850 2364 951 2443 legatis
972 2370 1081 2441 coenat,

143 2461 176 2519 in
199 2459 371 2536 praetorium
394 2456 475 2515 ducti
500 2461 570 2538 simt
596 2461 654 2515 tres
677 2456 741 2528 viri,
766 2457 845 2516 furto
871 2457 904 2515 iu
930 2458 1082 2517 manifesto

144 2550 320 2627 deprehensi
363 2548 439 2607 uum
458 2548 528 2619 dux,
544 2549 595 2624 qui
614 2547 814 2625 magnitudine
830 2568 938 2625 poenae
957 2549 1082 2626 reliquos

145 2644 284 2702 deterrere
296 2640 398 2713 voluit,
409 2641 499 2716 jussit
517 2640 595 2698 fures
615 2640 694 2699 illico
714 2640 751 2699 de
763 2644 867 2716 magne
880 2660 996 2717 quercu,
1011 2660 1084 2717 quae

144 2752 205 2793 non
234 2732 359 2792 multum
391 2732 499 2805 aberat,
528 2731 675 2807 suspendi
717 2730 836 2789 Postero
867 2732 915 2790 die
946 2733 1017 2791 dum
1049 2732 1083 2791 in

144 2826 248 2884 itinere
270 2842 373 2899 agmen
391 2823 488 2881 locum
507 2822 652 2898 praeterit,
673 2826 740 2882 ante
760 2823 858 2882 oculos
878 2824 1007 2883 omnium
1028 2826 1083 2883 tria

145 2916 288 2987 cadevera,
316 2914 435 2972 militari
462 2912 551 2990 pallio
577 2914 691 2988 vestita,
717 2932 754 2973 ex
781 2915 880 2973 arbore
907 2916 1079 2991 pendebant

146 3007 210 3082 Quo
224 3005 356 3081 exemplo
372 3005 473 3077 territi,
489 3005 597 3064 milites
610 3006 643 3063 in
656 3010 802 3082 posterum
822 3007 860 3065 ab
880 3008 961 3066 omni
980 3027 1082 3084 genere

144 3100 261 3175 rapinae
273 3096 464 3156 abstinebant
508 3096 545 3155 Id
556 3102 653 3155 tamen
667 3098 832 3175 exemplum
842 3098 986 3159 salubrius
996 3118 1080 3177 quam

145 3189 288 3250 crudelius
300 3189 376 3261 fuit3
395 3189 458 3246 dux
471 3188 550 3245 enim
569 3188 763 3247 misericordie
783 3196 951 3265 commotus,
966 3210 1084 3268 suspen·

145 3284 226 3342 derat
247 3280 326 3340 haud
349 3280 427 3339 fures
450 3279 576 3355 quidem,
601 3281 653 3339 sed
674 3280 811 3340 cadavera
834 3282 922 3341 trium
947 3282 1082 3359 militum,

146 3374 197 3451 qui
209 3373 301 3450 pridie
314 3372 414 3432 morbo
428 3372 575 3448 absumpti
589 3377 679 3430 erant.
