2409 3875
461 211 733 285 rramlationa.

302 572 369 635 103.
396 556 427 621 Τ
424 555 462 618 lu
476 556 560 620 Lost
574 556 674 622 Clzild
686 556 891 640 (continued).

167 721 266 781 Prima
291 722 356 782 luee
383 723 474 782 vieini
506 723 633 798 regressi,
662 728 815 800 postquem
847 741 979 800 magnam
1007 724 1066 784 diei

126 818 237 890 partem
261 833 382 891 puerum
405 815 511 874 frustra
534 815 742 890 quaesiverant,
764 815 889 888 domum,
914 821 949 875 ut
972 821 1066 889 antea

126 906 326 967 discesserunt
368 905 455 965 Forte
475 907 527 966 illo
546 907 595 965 die
608 906 681 966 Afer
693 912 820 980 venator,
834 908 972 984 agricolae
990 908 1066 967 bene

125 1004 221 1072 notus,
233 1000 285 1075 qui
299 1018 315 1058 a
327 999 392 1058 loco
401 999 523 1058 distanti
532 999 587 1057 iter
596 999 729 1071 faciebat,
740 999 778 1057 ad
788 1000 913 1059 fundum
923 1001 1063 1076 pervenit

126 1091 282 1150 Neminem
309 1095 408 1149 tamen
434 1091 513 1150 intra
540 1090 658 1150 domum
685 1091 800 1150 invenit
833 1097 944 1168 praeter
977 1110 1065 1151 anum

126 1202 246 1256 caeram,
272 1202 346 1260 quae
369 1201 437 1260 praa
460 1188 609 1244 senectute
632 1182 705 1242 elios
728 1183 766 1242 ad
789 1183 877 1243 silvas
900 1184 983 1260 sequi
1006 1203 1066 1243 non

126 1280 264 1353 potuerat
322 1276 415 1350 Quam
437 1295 498 1335 rem
522 1275 652 1350 miratus,
678 1293 791 1335 oausam
818 1295 855 1334 ex
881 1275 944 1353 ipsi
970 1277 1063 1353 petiit

126 1369 201 1427 Inde
215 1369 251 1427 de
264 1369 392 1445 perieulo
411 1367 534 1427 infantis
554 1368 658 1427 certior
671 1367 772 1440 iaetus,
787 1373 919 1445 parentes
932 1369 1067 1428 advocari

123 1462 218 1538 jussit
262 1461 338 1519 Tum
351 1460 473 1538 pallium
487 1461 632 1538 puerisue
643 1460 708 1519 sani
721 1461 856 1519 ostendit
898 1460 956 1519 Hie
969 1467 1066 1520 autem

126 1560 236 1614 vestem
258 1554 402 1626 odoratus,
425 1572 473 1613 eos
496 1553 533 1612 ad
557 1553 719 1612 densiorem
738 1553 843 1612 silvam
862 1552 992 1628 adduxit,
1014 1552 1066 1612 ubi
1170 1629 1175 1642 Ι

126 1648 181 1707 sub
201 1647 322 1720 antiqua
340 1664 446 1723 quercu
466 1664 588 1724 puerum
609 1645 722 1722 placide
742 1644 931 1703 dormientem
950 1644 1066 1704 invene-

125 1743 200 1798 runt

438 2012 506 2075 104
527 1995 640 2059 Dumb
656 1994 764 2061 Sizara.

167 2165 309 2223 Admetus
328 2161 375 2222 vir
394 2180 503 2240 pauper
524 2161 576 2220 sed
597 2160 677 2220 idem
696 2162 754 2220 aori
773 2163 890 2239 ingenio
909 2166 1064 2242 praeditus,

125 2257 204 2334 quod
217 2255 295 2314 nihil
308 2255 368 2314 cibi
379 2253 494 2314 duobus
507 2253 610 2312 diebus
630 2258 803 2329 gustaverat,
818 2256 895 2315 fame
908 2254 1062 2334 deperibat

127 2349 223 2409 Tertio
236 2352 334 2407 autem
346 2347 403 2419 dia,
419 2346 489 2405 dum
503 2345 588 2405 aedes
601 2344 771 2423 splendidas
784 2348 956 2424 praeterite
969 2369 1066 2427 pomae

129 2439 245 2501 custode
258 2439 368 2517 aliquid
382 2438 442 2498 eibi
462 2438 555 2515 petiit
598 2438 657 2497 Hio
671 2445 768 2498 autem
782 2439 907 2499 hominis
921 2441 1079 2520 miseritur·

129 2533 213 2610 jussit
223 2551 295 2591 eum
309 2532 427 2590 domum
446 2530 568 2607 ingredi,
582 2534 671 2605 atque
690 2530 727 2589 ab
747 2530 811 2607 ipso
831 2529 948 2591 domino
968 2534 1065 2593 eibum

128 2630 231 2704 petere
272 2623 425 2695 Admetus,
445 2622 486 2697 id,
508 2622 586 2698 quod
609 2622 783 2698 imperatum
803 2628 855 2696 eet,
876 2624 955 2697 facit,
976 2623 1065 2685 dorni-

128 2714 667 2793 numqueinatriosedenteminvenit
710 2715 776 2790 Qui,
785 2716 839 2774 ubi
849 2735 910 2775 rem
920 2720 1064 2794 cognovit,

130 2809 269 2887 “Agite’'
289 2808 394 2884 iuquit,
411 2810 429 2841 “
440 2807 524 2881 servi,
545 2825 650 2883 aquam
670 2826 757 2883 quam
777 2807 921 2867 celerrime
940 2809 1065 2871 afferte’'

127 2903 242 2963 Deinde
262 2902 407 2978 paulisper
426 2899 561 2972 miratus,
577 2901 632 2958 etsi
652 2900 829 2977 apparebant
847 2919 900 2959 nee
920 2902 996 2962 servi
1011 2922 1065 2964 neo

127 3014 209 3074 aqua,
224 3013 326 3053 manus
341 2992 467 3052 lavantis
480 2997 593 3067 gestum
607 2992 738 3051 imitatus
751 2997 801 3053 eet
844 2992 994 3069 Admetus,
1010 2997 1066 3055 etsi

124 3108 157 3147 re
189 3088 259 3147 satis
289 3086 431 3145 attonitas
464 3089 517 3156 eat,
544 3088 642 3142 temen
675 3084 754 3160 quod
787 3085 882 3143 noluit
914 3087 1064 3148 dominum

126 3180 277 3252 offendere,
301 3178 379 3237 idem
403 3176 478 3236 feeit
521 3175 638 3234 Deinde
661 3177 796 3235 dominus
822 3184 919 3237 servos
942 3182 1065 3257 primam

126 3291 243 3332 eoenam
262 3281 405 3347 apponere
421 3268 520 3344 jussit,
535 3272 565 3325 et
585 3272 725 3344 tanquam
744 3286 826 3328 verae
846 3269 934 3345 dapes
953 3278 983 3332 et
1002 3274 1064 3352 ipse

125 3365 187 3425 edit
199 3369 229 3422 et
241 3363 352 3440 hospiti
364 3361 490 3438 praebet
