2409 3875
149 278 189 338 84
484 276 757 342 Translations.

148 478 200 533 est
242 473 316 533 Tum
332 474 418 548 cives,
432 473 513 550 qnod
526 473 598 532 duris
618 472 680 548 lege
694 471 771 531 viros
784 490 845 530 una
864 490 931 530 cum
951 469 1091 528 uxoribus

148 566 269 642 sepelire
301 566 405 641 solent,
441 565 581 626 Sinonem
614 565 717 624 vivum
750 583 817 623 cum
851 582 942 622 uxore
978 565 1092 620 mortua

147 658 268 717 funibus
292 657 451 716 demittunt
474 658 506 716 in
527 662 648 733 puteum
672 656 937 733 profundumque
961 654 1092 732 sepulcro

147 770 228 828 reges
247 750 328 810 illius
348 755 439 809 terrae
458 750 622 810 utebantur.
666 750 746 808 Huic
766 754 864 808 tamen
884 749 921 807 ab
940 749 1020 807 omni
1039 766 1091 825 spe

149 844 251 902 salutis
265 843 420 902 intercluso
430 844 547 903 fortuna
560 842 697 919 patefecit
710 843 772 901 iter.
816 841 908 901 Sinon
919 841 1005 916 enim,
1017 841 1093 899 lame

148 936 265 1012 sitique
284 937 349 1012 jam
368 936 532 1007 moriturus,
555 933 674 1011 vulpem
697 933 783 1007 vidit,
804 953 878 1011 quae
905 933 1094 992 cadaveribus

148 1029 324 1088 vescebatur.
368 1028 462 1103 Quam
475 1047 527 1105 per
538 1028 602 1087 vias
616 1027 743 1086 occultes
762 1028 814 1086 din
835 1033 959 1099 secutus,
974 1045 1094 1103 parvam

148 1123 261 1195 rimam,
288 1125 347 1199 qui
373 1119 436 1198 ipsi
468 1126 589 1198 puteum
622 1121 788 1194 intraverat,
817 1121 935 1180 tandem
968 1121 1091 1180 invenit

149 1214 224 1274 Inde
239 1215 341 1289 Sinon,
356 1219 509 1291 postquam
522 1218 628 1291 magna
646 1215 678 1273 vi
697 1215 778 1273 nisus
797 1214 925 1291 lapidem
945 1213 1094 1291 ingentem

148 1313 350 1381 summoverat,
361 1327 392 1367 se
405 1307 548 1382 liberavit,
560 1313 648 1384 atque
661 1307 700 1366 ad
713 1326 791 1367 oram
804 1307 978 1366 maritimam
991 1306 1091 1365 evasit

351 1531 419 1599 125.
447 1517 479 1581 T
475 1516 514 1581 lte
530 1517 598 1584 Old
608 1517 695 1581 Man
710 1517 753 1600 of
761 1517 813 1581 tlte
827 1517 900 1583 Sea.

191 1654 284 1715 Sinon
298 1673 349 1731 per
361 1653 446 1712 littus
459 1653 588 1731 quinque
602 1652 696 1712 millia
709 1671 845 1728 passuum
855 1657 985 1729 vagatus,
997 1670 1097 1712 senem

151 1749 296 1826 quendam
306 1748 339 1805 in
348 1747 411 1824 ripa
421 1746 549 1806 fluminis
559 1746 709 1805 sedentem
719 1747 841 1806 invenit
884 1746 943 1806 Hic
955 1745 1097 1806 Sinonem

151 1861 182 1900 se
210 1846 290 1899 trans
323 1839 431 1899 flumen
464 1838 593 1898 humeris
620 1842 813 1916 transportem
837 1839 935 1914 jussit.
992 1838 1097 1916 Itaque

152 1934 253 2006 Sinon,
268 1953 356 2010 quem
368 1933 446 1992 senis
458 1931 568 1991 infirmi
587 1932 727 2007 miseruit,
743 1952 810 1992 eum
829 1932 862 1991 in
881 1931 1017 1992 humeros
1030 1933 1098 1991 sub-

151 2028 269 2102 levavit,
284 2027 324 2099 id,
339 2026 419 2102 qnod
437 2026 612 2102 imperatum
625 2032 677 2101 est,
693 2026 828 2086 facturus.
873 2024 970 2085 Senex
989 2031 1096 2101 autem,

152 2119 241 2179 simul
263 2120 297 2177 in
317 2119 381 2177 loco
404 2118 524 2177 firmiter
547 2118 632 2191 sedit,
653 2119 785 2177 eruribus
807 2118 915 2177 collum
935 2118 1096 2196 amplexus,

154 2214 293 2273 Sinonem
320 2230 394 2270 onus
420 2212 564 2287 deponere
589 2212 748 2288 prohibuit
790 2211 867 2270 Tum
895 2211 996 2285 Sinon,
1020 2212 1100 2288 quod

153 2306 258 2364 luctari
290 2323 351 2363 non
384 2304 517 2376 audebat,
546 2322 635 2363 senex
667 2305 745 2363 enim
773 2304 836 2363 diro
864 2305 1001 2381 amplexu
1032 2323 1099 2363 eum

155 2396 321 2469 suffocabat,
344 2397 496 2456 dominum
517 2396 577 2455 hnc
600 2396 672 2456 illuc
699 2415 750 2473 per
777 2401 872 2455 totum
894 2397 972 2455 diem
995 2396 1101 2457 vehere

155 2496 271 2550 coactus
295 2494 348 2548 est
391 2489 454 2547 Nec
477 2507 537 2548 nox
564 2489 671 2548 laboris
694 2490 783 2548 finem
804 2490 881 2563 fecit,
905 2508 995 2549 senex
1022 2490 1101 2549 enim

156 2584 244 2644 etiam
258 2581 404 2642 dormiens
423 2582 573 2658 captivum
592 2581 684 2640 artius
703 2580 939 2658 amplectebatur.
981 2582 1101 2642 Postero

110 2666 124 2685 '
157 2682 255 2736 tamen
268 2675 324 2748 die,
339 2674 410 2733 dum
419 2675 505 2751 jussu
518 2673 631 2732 domini
650 2693 702 2750 per
714 2673 818 2732 silvam
837 2674 894 2757 iter
913 2674 994 2749 facit,
1008 2674 1102 2734 Sinon

157 2773 276 2847 repente
288 2772 376 2845 caput
388 2767 466 2826 senis
479 2765 590 2826 arboris
602 2785 690 2840 ramo,
702 2767 754 2844 qui
767 2766 964 2844 impendebat,
975 2768 1103 2826 maxima

158 2865 191 2924 vi
207 2862 344 2922 admovit
389 2860 454 2935 Quo
477 2860 539 2918 ictu
562 2860 742 2937 stupefactus
764 2852 855 2921 senex
876 2878 958 2919 crure
980 2858 1101 2932 luxavit,

158 2962 245 3035 atque
258 2955 296 3015 ad
309 2958 414 3013 terram
427 2952 620 3013 moribundus
633 2952 744 3013 cecidit

385 3141 453 3205 126.
475 3141 565 3204 How
579 3139 695 3223 topick
712 3138 893 3207 Cocoanuts.

198 3277 263 3338 'lali
275 3275 402 3355 periculo
415 3276 457 3335 ita
470 3276 609 3335 liberatus
624 3275 718 3337 Sinon
732 3276 803 3335 dum
817 3296 868 3353 per
881 3276 986 3337 silvam
1000 3277 1102 3355 pedem

159 3371 254 3444 refert,
276 3368 482 3429 mercatoribus
506 3370 630 3428 occurrit
657 3369 855 3447 compluribus
879 3370 931 3447 qui
954 3370 992 3429 ad
1015 3388 1104 3431 nuces

159 3460 315 3540 carpendas
326 3461 416 3519 ibant
459 3460 536 3520 Cum
549 3460 597 3519 his
610 3479 641 3519 se
657 3461 779 3537 jungere
793 3462 953 3521 constituit
996 3462 1102 3539 Nuces,
