2409 3875
406 609 455 672 87.
478 607 509 670 Α
528 607 724 689 Promising
735 607 845 690 Pupil.
899 701 902 706 1

187 773 321 833 Medicus
334 774 453 850 quidam
465 774 616 850 gloriosus,
631 773 682 851 qui
699 774 826 834 maxima
845 779 1014 854 paupertate
1034 795 1096 854 pre·

146 866 287 938 mebatnr,
309 867 441 925 omnium
465 867 578 924 animos
604 866 638 925 in
665 886 696 926 se
720 873 886 928 convertere
909 869 1012 930 voluit.
1065 868 1097 928 Is

146 959 236 1035 igitur
255 958 327 1018 dnm
344 979 399 1036 per
418 959 520 1018 urbem
540 959 641 1018 album
662 960 777 1019 asinum
797 961 887 1036 ducit,
902 967 1007 1038 magna
1026 981 1097 1022 voce

147 1051 322 1124 clamitabat,
350 1051 475 1129 “Hunc
491 1071 578 1128 quem
601 1052 708 1112 videtis
732 1053 855 1127 asinum,
878 1054 964 1129 cives,
985 1054 1097 1114 litteras

148 1148 267 1206 Latinas
280 1144 382 1205 docere
395 1146 540 1222 possum''
581 1145 657 1205 Tum
677 1165 737 1219 rex,
753 1147 801 1205 cui
813 1147 845 1205 id
859 1149 1029 1206 nuntiatum
1043 1153 1095 1220 est,

147 1244 299 1317 postquam
320 1238 470 1297 hominem
493 1237 531 1297 ad
553 1257 584 1298 se
608 1239 800 1312 arcessiverat,
816 1259 883 1298 eum
910 1260 970 1300 ram
997 1243 1097 1301 statim

148 1333 280 1410 perficere
303 1332 398 1409 jussit
443 1331 475 1391 Is
502 1352 571 1391 vero
595 1351 712 1409 operam
739 1333 865 1393 libenter
891 1336 1021 1412 suscipit,
1046 1337 1097 1396 aad

148 1443 256 1484 moram
280 1425 379 1482 decem
403 1443 545 1482 annorum
569 1424 704 1501 postulat
748 1423 868 1484 Postero
892 1426 939 1486 die
963 1446 1040 1487 unns
1059 1448 1096 1486 ex

148 1521 246 1580 amicis
265 1520 412 1579 medicum
431 1520 474 1577 ita
493 1519 646 1579 admonuit
656 1540 665 1594 ;
685 1520 802 1597 “Fuge,
825 1539 842 1580 o
863 1523 1042 1596 stultissime,
1060 1543 1096 1582 ex

148 1615 201 1673 hac
230 1613 354 1689 regiona,
383 1616 417 1671 tn
447 1612 525 1671 enim
553 1612 658 1689 capitis
691 1617 768 1672 certe
798 1613 987 1687 damnaberis,
1017 1617 1096 1692 quod

148 1727 216 1779 rem,
238 1724 312 1783 qnae
335 1705 398 1763 fieri
416 1723 477 1764 nou
497 1710 602 1781 potest,
625 1705 804 1782 suscepisti.’'
836 1707 967 1781 Atilia,
991 1700 1096 1768 “Bono

148 1819 179 1859 es
192 1800 296 1872 animo,
318 1793 427 1872 amice,
453 1816 523 1859 uam
544 1797 643 1857 decem
664 1799 749 1857 annis
762 1804 813 1858 aut
833 1817 885 1876 ego
906 1805 956 1859 aut
976 1819 1027 1859 rex
1047 1805 1097 1859 aut

149 1893 247 1953 asinus
261 1890 456 1951 occiderimus.
461 1892 477 1917 ’⁹
1167 1880 1170 1885 ¹

393 2250 441 2312 88.
471 2250 502 2312 Τ
499 2248 538 2313 lte
554 2249 726 2315 Saracen's
741 2252 846 2315 Haud.

189 2415 320 2488 Biennio,
346 2415 555 2476 Britannorum
578 2418 647 2494 regi,
672 2437 731 2477 non
755 2418 841 2476 modo
867 2436 915 2477 cor
936 2418 988 2478 sed
1011 2418 1097 2479 etiam

148 2514 251 2568 venter
270 2513 332 2567 erat
350 2508 452 2580 leonis,
467 2510 493 2567 si
512 2510 544 2568 id
564 2529 666 2569 verum
687 2515 731 2569 est
751 2510 831 2588 qnod
852 2510 1000 2571 Serranam
1014 2511 1050 2571 de
1065 2532 1097 2571 eo

148 2602 283 2661 referunt
336 2601 368 2661 Is
391 2602 470 2660 enim
493 2607 657 2679 postquam
681 2604 772 2661 totius
795 2603 855 2662 diei
881 2605 1009 2682 spatium
1033 2624 1098 2665 cum

148 2693 282 2753 hostibus
309 2699 495 2771 pugnaverat,
526 2696 646 2754 tandem
676 2695 770 2754 fessus
798 2695 908 2755 cibum.
928 2696 1095 2773 postulavit.

148 2788 223 2847 Tum
243 2787 327 2858 servi,
343 2786 422 2863 qnod
442 2787 520 2845 nihil
539 2788 598 2846 cibi
615 2789 678 2864 jam
698 2787 844 2865 reliquum
867 2793 1004 2864 arataeo
1025 2790 1098 2867 regis

149 2880 286 2940 mandata
309 2880 466 2940 deuectus
493 2880 648 2957 audebant,
670 2902 707 2941 ex
731 2881 854 2959 captivis
875 2881 1098 2959 pinguissimum

149 2977 297 3046 coxerunt,
318 2972 474 3049 dapes-que
496 2993 594 3047 novas,
620 2974 684 3034 loco
708 2975 779 3051 apri,
804 2975 880 3033 fesso
904 2982 1098 3051 apposuerunt

150 3067 276 3126 domiuo.
319 3065 395 3124 Inde
408 3084 469 3139 rex,
484 3066 537 3143 qui
550 3066 616 3125 cibo
636 3086 724 3143 quam
744 3066 871 3125 maxime
892 3066 1097 3142 delectabatur,

150 3163 237 3235 capnt
260 3157 393 3217 animalis
417 3158 512 3217 afferri
533 3158 629 3236 jussit
674 3158 748 3218 Mox
771 3158 825 3218 ubi
852 3159 930 3219 servi
957 3160 1099 3235 perterriti

150 3251 286 3311 mandata
297 3252 485 3328 perfecerunt,
497 3252 548 3311 ille
559 3251 672 3328 ingenti
683 3270 749 3310 cum
759 3252 828 3325 risu,
843 3256 860 3285 “
870 3251 982 3326 Certc,''
993 3254 1097 3329 iuquit,

152 3348 329 3420 “nunquam
342 3344 428 3403 uobis
441 3351 618 3405 commeatus
632 3344 773 3420 deerunt,
789 3345 814 3403 si
835 3364 949 3404 carnem
970 3344 1098 3404 hostium
1150 3418 1155 3425 ι

151 3437 193 3494 ita
206 3435 289 3493 edere
303 3437 483 3511 possumus.”
