2409 3875
494 204 770 278 translations.

346 621 492 684 arnone
513 621 595 683 roa
615 585 917 684 rainsuurrou.

379 805 446 852 121.
474 786 541 851 Tae
563 787 758 868 Wunderful
768 786 891 851 leland.

201 937 344 996 Mercator
356 925 485 1012 quidem,
500 936 619 995 nomine
634 935 736 1012 Sinon,
752 937 831 1013 quod
846 955 912 996 eum
932 935 1064 996 cessandi
1076 941 1105 992 et

160 1033 237 1093 nihil
264 1032 370 1109 agendi
403 1031 508 1109 piguit,
537 1033 665 1109 pericula
692 1033 780 1091 maris
806 1038 918 1092 tentare
945 1031 1102 1091 coustituit

160 1125 240 1185 Navi
273 1125 362 1202 igitur
388 1124 427 1184 ed
460 1124 552 1185 Indos
578 1130 690 1198 vectus,
719 1126 820 1203 primo,
850 1125 930 1202 quod
964 1123 1105 1201 procellae

160 1213 265 1277 fluctus
278 1217 435 1294 agitabant,
449 1218 532 1294 gravi
546 1222 653 1278 nausea
667 1237 828 1296 oppressus,
843 1223 965 1277 mortem
983 1217 1102 1294 optavit

161 1312 235 1371 Mox
260 1316 367 1386 eutem,
395 1311 448 1370 ubi
482 1311 528 1370 vis
557 1313 739 1389 tempestatis
766 1311 943 1384 mitescebat,
972 1310 1105 1370 morbum

160 1405 282 1482 depulit
326 1403 431 1463 Paucis
450 1409 517 1481 post
537 1405 649 1480 diebus,
665 1404 736 1464 dum
757 1409 856 1481 aperto
876 1405 949 1463 meri
969 1404 1070 1482 procul
1090 1423 1107 1462 e

161 1507 246 1579 portu
260 1502 421 1578 navigatur,
436 1521 556 1579 parvam
569 1502 706 1575 insulam,
721 1502 803 1579 nigro
818 1500 918 1575 colore,
933 1501 1014 1560 haud
1034 1501 1107 1560 mul·

160 1600 224 1655 tum
237 1613 441 1672 superaquam
454 1594 638 1667 eminentem,
651 1599 756 1653 nautae
766 1595 876 1672 vident
919 1594 994 1653 Tum
1008 1613 1107 1653 omnes

161 1709 177 1748 e
200 1707 275 1747 nave
298 1687 411 1764 egressi,
432 1686 490 1745 huc
518 1687 588 1745 illuc
613 1705 665 1763 per
685 1691 777 1746 totam
801 1687 927 1746 insulam
947 1691 1108 1762 vagantur3

161 1781 279 1839 taudem
299 1780 396 1858 ignem
417 1778 570 1837 accendere
584 1779 738 1856 incipiunt
782 1779 887 1839 Subito
909 1780 964 1839 sub
984 1779 1108 1857 pedibus

161 1875 223 1932 diro
244 1873 342 1931 souitu
363 1872 460 1930 insula
479 1871 600 1931 evanuit
620 1872 653 1930 iu
672 1873 776 1947 undas,
799 1892 965 1950 omnes-que
992 1872 1024 1930 in
1044 1891 1108 1949 gur-

160 1968 249 2044 gitem
282 1965 381 2024 hausti
408 1970 485 2024 sunt
542 1963 710 2024 Monstrum
738 1967 817 2024 enim
851 1967 1004 2039 marinum,
1033 1984 1109 2041 quae

161 2059 257 2117 nautia
280 2057 377 2116 insula
401 2058 439 2117 ob
463 2058 697 2133 magnitudinem
721 2060 784 2119 visa
808 2063 893 2133 est‚e
916 2077 1016 2117 somno
1040 2058 1109 2135 igne

115 2150 123 2162 '
161 2153 328 2225 excitatum,
342 2151 375 2209 in
394 2170 473 2209 mare
498 2170 529 2209 se
548 2152 655 2211 mersit.
700 2152 765 2227 Quo
789 2171 857 2211 casu
881 2171 981 2210 omues
1004 2156 1110 2209 nautae

161 2245 326 2322 perieruut;
353 2242 446 2302 Sinon
468 2248 575 2318 eutem,
603 2249 708 2321 magne
735 2249 884 2303 sustentus
908 2244 997 2317 trabe,
1022 2263 1111 2320 quarn

161 2337 235 2394 forte
255 2335 294 2394 ed
314 2335 412 2412 ignem
432 2335 551 2410 ferebat,
567 2338 695 2396 uetando
716 2338 753 2395 ad
774 2341 877 2395 terram
899 2336 1029 2413 ignotam
1049 2355 1112 2412 per·

162 2430 252 2488 venit.
519 2457 522 2461 ·

394 2689 461 2737 122.
492 2673 558 2738 Tae
572 2674 746 2739 Diamond
765 2674 882 2758 Vallcy.

204 2840 297 2900 Sinon
318 2840 446 2916 quidem,
462 2844 556 2897 totum
577 2838 656 2896 diem
679 2857 731 2915 per
757 2838 820 2896 loca
844 2839 957 2898 deserta
977 2844 1114 2916 vagatus,

163 2933 243 2993 omni
256 2951 307 3009 epe
320 2932 431 2989 reditus
444 2929 575 3007 dejectus
589 2935 640 2989 est
683 2930 726 2989 At
745 2935 842 3003 noctu,
858 2932 929 2989 dum
943 2931 1059 3006 dormit,
1076 2934 1114 2992 ed

163 3026 268 3085 vallem
283 3023 432 3083 altissimis
445 3022 596 3081 montibus
609 3021 796 3081 interclusam
809 3022 923 3100 ingenti
936 3044 989 3085 ave
1012 3030 1116 3100 raptus

163 3124 214 3178 eet.
256 3117 322 3176 Tali
343 3115 482 3174 miraculo
505 3115 649 3174 attonitus
672 3120 786 3191 postero
813 3115 861 3175 die
883 3116 997 3193 aliquid
1024 3116 1115 3177 etiarn

163 3208 325 3268 mirabilius
353 3208 446 3279 vidit3
474 3212 537 3265 tota
563 3207 643 3265 enim
670 3206 756 3287 vallis
782 3208 903 3283 gemmis
931 3212 1032 3267 oruata
1059 3214 1114 3269 eet

164 3303 280 3363 Incolae
293 3300 384 3377 hujus
397 3305 488 3359 terrae
507 3301 586 3377 quod
600 3300 751 3359 invallem
766 3300 904 3360 descendi
926 3321 986 3360 nou
1006 3306 1116 3377 potest,

164 3412 291 3473 gemm
304 3393 346 3451 ite
359 3391 491 3468 colligere
505 3394 606 3451 solent
652 3390 780 3451 Summis
791 3393 827 3452 de
838 3393 987 3452 montibus
998 3412 1117 3455 carnem
