2409 3875
475 195 748 264 translatum.

322 518 372 583 93.
402 501 433 564 Τ
429 499 469 564 lte
480 498 695 563 Bloodltound
706 497 914 582 (continued).

146 641 152 651 ⁹
178 656 245 714 Rex
263 657 370 726 tamen,
392 653 445 729 qui
464 651 569 711 liciter
588 650 758 726 dormiebat,
776 671 877 711 somno
898 650 1050 726 excitatus,
1069 673 1087 712 a

25 797 27 801 .
138 747 214 807 lecto
237 745 372 823 prosiluit
392 750 423 805 et
442 749 597 822 postquam
621 744 756 803 comitem
776 745 935 819 suscitavit,
956 746 1085 822 gladium

139 840 303 900 destrinxit
346 838 442 897 Atrox
465 837 534 896 inde
558 841 704 896 certamen
725 837 834 896 factum
858 844 910 912 est,
933 857 985 899 rex
1007 840 1086 898 enim

138 936 236 1013 gladio
259 953 354 993 unum
377 953 393 992 e
416 933 579 992 latronibus
604 933 769 1008 transfixit3
799 939 831 994 at
853 953 948 994 comes
971 935 1095 1010 infelix,

138 1028 237 1087 subito
256 1028 370 1104 impetu
393 1025 587 1102 perturbatus,
609 1044 627 1084 a
646 1024 809 1085 latronibus
835 1027 1005 1087 interfectus
1032 1033 1083 1087 est.

139 1123 216 1181 'l'um
235 1139 288 1180 rex
307 1121 352 1178 iri
371 1123 401 1177 et
421 1117 519 1176 dolore
538 1119 683 1191 incensus,
699 1119 777 1194 quod
797 1119 927 1195 gladium
941 1140 957 1178 e
970 1139 1087 1197 eorpore

139 1215 261 1274 latronis
286 1212 434 1271 interfecti
460 1210 610 1270 detrahere
637 1230 698 1270 nou
724 1216 846 1288 poterat,
875 1213 936 1271 face
963 1212 1085 1287 ardenti,

139 1326 228 1384 quam
254 1325 271 1366 e
297 1306 362 1364 foco
389 1304 575 1380 corripuerat,
598 1303 717 1362 alterins
743 1303 864 1363 latronis
888 1310 976 1382 caput
999 1305 1084 1365 elisit

141 1400 227 1478 Quod
259 1399 313 1458 ubi
345 1396 428 1457 videt
461 1397 573 1470 tertius,
608 1401 701 1454 morte
735 1397 875 1456 comitum
909 1400 1085 1475 perterritus,

139 1496 241 1572 fugam
260 1491 395 1552 tentavit
438 1488 503 1548 Noc
522 1493 621 1548 umen
641 1508 657 1548 e
677 1489 805 1566 periculo
827 1492 928 1563 erasit,
942 1511 994 1550 rex
1008 1493 1088 1551 enim

138 1592 200 1666 jam
219 1590 347 1646 armatus
372 1581 479 1659 gladio,
500 1601 559 1658 quo
581 1582 710 1641 occisum
733 1582 877 1642 latronem
901 1583 1085 1661 spoliaverat,

140 1682 253 1741 hostem
267 1678 428 1759 fugientem
443 1675 560 1740 mortali
573 1675 695 1737 vulnere
708 1675 840 1740 confecit

457 2008 509 2074 94
531 1989 563 2053 Α
582 1990 691 2055 Lover
703 1992 771 2056 lost.

182 2160 270 2231 Galli,
305 2158 357 2236 qui
391 2156 540 2215 audaciam
573 2157 695 2215 maximi
729 2158 929 2235 aestimabant,
965 2160 1090 2221 ferarum

143 2252 348 2313 certaminibus
361 2249 489 2309 multum
502 2247 728 2309 delectabantur.
771 2250 940 2331 Aliquando
957 2272 1009 2313 rex
1024 2272 1091 2313 cum

142 2349 247 2423 magni
273 2347 388 2403 catervi
413 2341 559 2403 nobilium
586 2342 810 2420 mulierumque
837 2344 978 2403 olararum
1005 2345 1091 2405 ludos

142 2439 277 2499 solennes
290 2435 455 2514 aspiciebat
499 2434 648 2510 Quaedam
669 2454 706 2495 ex
725 2436 781 2509 his,
798 2454 872 2513 quae
892 2440 993 2514 sponsi
1012 2438 1092 2498 forti·

142 2530 276 2591 tudinem
286 2533 398 2587 tentare
408 2527 513 2602 voluit,
527 2546 647 2586 aureum
657 2533 790 2605 torquem
800 2529 906 2605 dejecit
918 2530 951 2589 in
965 2532 1091 2591 mediam

143 2642 266 2694 arenam,
292 2624 351 2697 qui
372 2619 419 2679 leo
442 2620 546 2697 ingens
570 2639 637 2680 cum
662 2620 777 2681 duobus
800 2622 925 2697 tigribus
947 2629 1091 2684 conamen

142 2715 313 2775 martimum
326 2712 435 2789 agebat
480 2711 712 2789 “Tuquidem,”
726 2713 832 2789 inquit,
850 2714 989 2791 “siquid
1009 2717 1042 2774 in
1062 2722 1092 2775 te

142 2808 250 2868 residet
276 2806 382 2864 amoris
409 2824 476 2881 erga
502 2824 557 2878 me,
582 2810 717 2882 torquem
742 2806 818 2865 mihi
845 2825 861 2866 e
888 2808 957 2867 feris
983 2810 1088 2887 eripe.'’

144 2903 252 2965 Statim
269 2900 388 2978 juvenis
408 2899 456 2958 his
468 2899 566 2959 verbis
586 2918 731 2975 accensus,
745 2902 779 2961 in
799 2920 915 2962 arenam
935 2923 966 2963 se
986 2907 1091 2982 praeei-

143 2994 269 3072 pitarit3
289 2992 367 3051 saltu
387 2991 474 3051 aleon
493 2996 628 3068 torquem
646 2994 744 3069 rapuit
753 3014 763 3067 ;
782 2999 865 3053 tutus
886 3014 952 3054 cum
965 3000 1093 3074 praemio

143 3087 238 3147 rediit
280 3084 356 3143 Tum
375 3084 435 3158 illo,
450 3085 522 3143 dum
542 3103 642 3143 omnes
655 3085 766 3145 fartum
781 3086 936 3163 plaudunt,
952 3108 1019 3148 eum
1032 3092 1093 3149 risu

144 3177 545 3255 adpodesvirginisorudelis
553 3181 686 3253 torquem
696 3179 825 3256 projecit
871 3180 1094 3259 “Tuquidem,”

144 3272 250 3349 inquit,
280 3273 396 3329 “meam
415 3270 508 3328 vitam
525 3269 642 3328 minimi
662 3270 792 3331 habuisti
797 3290 807 3345 ;
837 3291 890 3348 ego
910 3278 995 3333 tuum
1019 3295 1093 3335 amo

144 3383 326 3513 mdiorum]
643 3452 665 3497 Ε
