2409 3875
449 256 722 325 Translations.

340 596 390 664 73.
413 581 445 645 Α
462 579 587 646 arcaea
601 581 644 664 of
652 580 837 663 Discplim.

155 732 332 806 Fredcrious,
348 730 557 791 Germanorum
571 752 631 804 rex,
647 732 725 808 quod
745 732 783 790 ab
801 732 934 791 hostibus
953 750 1061 809 preme

115 824 209 899 batur,
224 825 390 885 saevissima
403 824 559 901 disciplina
571 824 681 883 milites
694 824 856 885 cohibebat
877 820 885 825 ’
899 827 965 884 Rex
977 844 1061 901 saepe

116 924 205 977 noctu
228 918 307 978 solus
333 938 385 997 per
411 921 503 977 castra
530 917 708 992 ambulabat,
733 923 763 978 et
788 918 851 995 ipse
872 918 1006 977 custodes
1029 919 1060 975 in

50 1022 52 1025 '
116 1012 291 1071 stationibus
305 1010 485 1089 disponebat.
528 1010 706 1089 Aliquando,
722 1010 794 1069 dum
813 1030 892 1071 more
904 1030 957 1070 suo
971 1016 1062 1069 castra

116 1104 279 1180 perlustrat,
301 1105 383 1165 videt
402 1104 559 1177 lucernam,
580 1123 655 1181 quae
678 1104 711 1162 in
731 1104 917 1163 tabernaculo
936 1105 1061 1165 finitimo

117 1198 242 1259 ardebat
293 1198 357 1257 Rex
378 1198 468 1275 igitur
491 1199 542 1275 qui
565 1198 694 1257 maxima
717 1198 761 1259 iri
783 1199 961 1271 mouebatur,
983 1199 1062 1276 quod

116 1292 214 1367 ignem
253 1290 398 1349 militibus
438 1290 638 1363 interdixerat,
682 1290 803 1349 silenter
845 1291 1062 1351 tabemeculum

116 1383 247 1444 intravit.
301 1382 360 1442 Hic
394 1383 478 1443 miles
504 1383 657 1461 epistolam
691 1381 837 1443 scribebat
864 1384 902 1443 ad
933 1404 1059 1451 uxorem.

116 1476 199 1536 Dum
223 1476 324 1535 multis
348 1476 444 1537 verbis
467 1478 540 1537 dura
566 1476 695 1554 pericula
718 1476 799 1550 belli,
824 1496 907 1536 suam
929 1478 1060 1553 salutem,

117 1588 310 1647 amoremque
344 1574 524 1629 constantem
562 1574 667 1642 narrat,
696 1568 794 1629 subito
827 1588 923 1645 regem
957 1570 1062 1631 iratum

117 1663 228 1740 aspicit
271 1664 346 1722 Tum
359 1682 419 1735 rex,
436 1664 455 1695 ‘⁸
465 1662 577 1722 Iterum
591 1661 745 1739 epistolam
757 1667 864 1739 repete,
879 1661 950 1721 haec
964 1668 1062 1723 tamen

118 1758 209 1833 adde;
243 1756 309 1815 vale
329 1775 346 1814 ο
367 1755 521 1829 carissima,
543 1774 604 1814 cras
625 1755 705 1817 enim
725 1773 785 1835 ego,
808 1754 876 1833 quia
896 1754 1061 1833 imperatori

118 1851 192 1909 male
205 1849 296 1925 parui,
313 1848 416 1925 capitis
430 1848 614 1907 damnabor.''

442 2077 491 2144 74
514 2063 546 2126 A
565 2061 745 2145 Bull's-eye.

160 2217 275 2292 Ionias,
301 2216 379 2293 quod
400 2216 491 2276 vitam
514 2216 548 2275 in
571 2217 654 2276 silvis
678 2235 790 2293 semper
812 2218 942 2296 degebat,
964 2239 1063 2280 omnes

120 2313 192 2371 elios
225 2309 387 2387 sagittarios
420 2307 581 2385 superabat
644 2308 736 2386 Saepe
769 2309 854 2388 lupos
887 2313 1064 2389 aquilasque

120 2404 287 2466 volucribus
306 2402 420 2480 sagittis
440 2402 635 2478 transfigebat,
649 2421 701 2461 nec
722 2421 851 2479 anquam
870 2405 977 2464 frustra
996 2427 1014 2465 a
1033 2427 1064 2466 sa

121 2498 214 2558 telum
226 2497 347 2556 missum
360 2501 410 2556 est
453 2495 479 2556 F
480 2500 542 2554 orte
555 2495 667 2554 incolae
686 2495 768 2554 urbis
786 2496 966 2574 propinquae
979 2499 1063 2559 ludos

122 2591 256 2651 solennes
265 2589 457 2650 celebrabant.
499 2589 598 2649 Primo
610 2589 763 2666 quadrigas
772 2591 921 2666 agitabant
930 2593 1061 2668 juvenes,

123 2684 229 2743 deinde
242 2684 347 2761 pugnis
362 2684 518 2756 certabant,
533 2689 678 2760 postremo
691 2688 837 2743 cemameu
853 2685 1064 2760 sagittariorum

122 2778 293 2836 institutam
313 2782 363 2840 est
414 2776 477 2836 Diu
500 2776 614 2850 onias,
635 2776 690 2854 qui
712 2795 780 2836 cunr
800 2778 903 2837 ceteris
923 2778 1064 2840 decertare

123 2869 228 2943 noluit,
249 2888 280 2929 se
299 2890 317 2930 a
336 2869 491 2930 certamine
511 2868 663 2942 abstinuit,
684 2887 739 2930 nec
757 2888 856 2929 arcum
878 2870 916 2929 ab
937 2869 1064 2932 humeris

124 2963 242 3024 amovit
283 2963 418 3038 Denique
431 2960 550 3037 quidem
564 2980 602 3020 ex
621 2961 707 3038 regiis
720 2962 885 3038 sagittariis,
898 2963 947 3022 cui
960 2983 1065 3026 nomen

125 3063 187 3118 erat
208 3056 367 3130 Hubertus,
393 3054 455 3114 sive
478 3073 555 3126 casu,
579 3073 632 3113 seu
654 3054 735 3130 quod
758 3062 865 3116 ventus
888 3055 916 3117 ei
938 3057 1063 3134 larebat,

126 3149 249 3210 mediam
269 3154 375 3208 metam
398 3145 505 3222 sagitta
522 3145 677 3205 transfixit
727 3145 803 3206 Tum
823 3147 941 3208 demum
960 3149 1066 3212 Lexias

125 3261 222 3304 arcum
235 3240 339 3315 tendit,
354 3243 384 3300 et
397 3257 450 3298 suo
463 3237 522 3298 telo
535 3237 672 3314 sagittam
685 3239 814 3299 Huberti
833 3240 867 3300 iu
886 3240 959 3302 dues
972 3251 1067 3320 partes

125 3335 223 3400 findit.
280 3334 388 3410 Ingens
411 3331 448 3390 ad
475 3330 586 3388 caelum
621 3329 736 3388 tollitur
762 3331 879 3407 clamor,
901 3351 1067 3414 omnesque

127 3426 241 3487 Loxian
254 3423 392 3484 victorem
406 3417 540 3475 salutant
