2409 3875
489 171 760 240 Translations.

413 402 480 466 143.
510 385 632 465 Timely
646 386 842 452 Assacano.

192 503 266 563 Inde
276 501 411 578 Glaucus,
425 523 516 581 quum
525 505 588 580 jam
598 505 636 563 ad
650 505 790 582 oppidum
801 509 1054 585 appropinquaret,
1068 510 1103 566 in

150 601 269 656 nauum
303 597 449 674 quendam
482 597 570 656 altero
604 598 678 674 pede
712 600 849 658 claudum
882 602 994 660 incidit
1038 601 1102 658 Hic

150 689 262 768 aliquid
276 690 335 749 cibi
348 690 385 749 ab
400 710 434 751 eo
447 691 540 768 petiit
585 690 642 751 Cui
655 711 727 769 puer
741 692 773 750 id
786 694 865 769 quod
879 694 1024 770 reliquum
1037 698 1102 751 erat

150 781 235 859 panis
262 781 350 842 dedit
394 783 451 842 His
478 782 618 842 faciendis
645 788 761 842 tautum
788 784 847 842 diei
871 790 1098 861 consumpserat,

150 880 192 952 ut,
208 875 279 936 dum
293 876 413 936 domum
426 896 463 937 ex
477 877 584 954 oppido
600 877 685 953 redit,
700 883 785 937 nocta
806 897 965 954 oppressus,
981 897 1101 937 cursum

150 974 247 1030 tenere
260 987 321 1029 uon
334 975 439 1047 posset,
453 970 505 1029 sed
524 989 576 1047 per
595 971 690 1029 aviam
710 971 816 1030 silvam
836 976 946 1030 erraret
991 971 1100 1031 Subito

150 1069 246 1124 autem
260 1063 318 1123 duo
332 1063 467 1135 latrones,
482 1064 535 1140 qui
554 1063 587 1121 in
607 1063 682 1122 silva
700 1063 839 1139 latebant,
855 1083 893 1122 ex
906 1065 1020 1123 insidiis
1033 1083 1101 1140 pro·

149 1158 260 1231 siliunt,
286 1175 476 1235 puerum-que
502 1161 619 1233 raptum
642 1161 723 1216 veste
751 1157 873 1233 spoliare
901 1162 1011 1234 parant
1053 1159 1100 1215 At

150 1249 230 1310 canis
243 1248 344 1323 fidelis,
356 1250 409 1326 qui
422 1249 566 1308 Glaucum
580 1253 676 1307 totum
692 1249 769 1307 diem
783 1255 898 1308 secutus
912 1255 964 1323 cst,
978 1248 1099 1308 alterius

149 1343 270 1404 latronis
294 1361 359 1401 crus
383 1347 444 1401 tam
467 1341 570 1400 acriter
592 1341 756 1416 momordit,
777 1347 813 1400 ut
832 1342 880 1401 hic
901 1361 967 1401 cum
986 1343 1099 1418 gemitu

149 1455 271 1515 puerum
308 1434 452 1495 liberarat
511 1434 607 1496 Simul
641 1453 700 1493 vox
736 1434 880 1494 horrenda
916 1435 1015 1494 audita
1052 1441 1099 1495 est

149 1530 308 1602 clamantis,
335 1529 411 1588 “Eu
430 1528 556 1587 latrones
575 1528 629 1601 illi,
652 1547 724 1605 quos
744 1528 857 1587 tamdiu
874 1529 947 1587 ferro
967 1529 1098 1606 ignique

149 1623 321 1701 sequimur.”
374 1622 438 1696 Qui
465 1639 535 1680 voce
566 1620 661 1679 territi
693 1621 778 1679 ambo
816 1621 999 1698 diffugerunt.
1054 1622 1098 1680 At

151 1715 285 1790 Glaucus,
323 1713 363 1773 ad
406 1713 559 1772 clamorem
599 1731 761 1786 conversus,
801 1719 920 1772 nautam
961 1715 1098 1789 cognovit

151 1808 295 1880 claudum,
308 1825 396 1884 quem
409 1824 509 1865 caecus
522 1804 574 1863 ille
586 1824 624 1863 ax
637 1805 765 1863 humeris
778 1804 918 1881 portabat
962 1805 1006 1864 Hi
1019 1807 1097 1864 enim

151 1901 188 1962 de
211 1900 339 1961 consiliis
365 1898 512 1959 latronum
534 1897 667 1957 certiores
691 1897 762 1957 facti
784 1902 911 1975 tempore
934 1903 1097 1975 opportuno

151 1994 281 2056 subsidio
295 1998 445 2052 venerunt.

393 2128 460 2191 144
481 2110 513 2173 T
508 2108 548 2174 lae
561 2110 763 2174 Ill-natured
773 2112 850 2191 Boy.

192 2231 282 2291 Haud
315 2230 415 2307 procul
443 2230 480 2288 ab
508 2248 541 2287 eo
568 2227 633 2287 loco
660 2228 813 2287 habitabat
839 2249 911 2306 puer
938 2231 1094 2307 improbus,

152 2326 269 2385 nomine
289 2323 375 2383 Nero.
419 2321 477 2380 Hic
498 2320 577 2392 olim,
593 2321 664 2379 dum
684 2340 735 2397 per
755 2340 836 2397 agros
852 2327 982 2398 vagatur,
997 2342 1095 2381 canem

152 2437 237 2477 suum
250 2416 287 2475 ad
301 2435 369 2475 ovas
382 2416 522 2492 quasdam
535 2414 690 2485 vexandas,
707 2414 826 2490 quaein
843 2420 925 2492 prato
946 2416 1096 2492 pasceban-

152 2517 208 2584 tur,
237 2508 378 2569 incitavit
423 2508 487 2582 Quo
515 2507 682 2583 perterritae
710 2526 810 2565 omnes
836 2508 1033 2584 diffugerunt:
1066 2515 1096 2567 at

153 2605 224 2663 aries
251 2619 381 2679 magnus,
405 2600 469 2659 dux
494 2600 595 2676 gregis,
619 2599 663 2658 ira
683 2604 788 2675 motus,
812 2619 901 2659 cornu
928 2602 970 2659 ita
996 2602 1096 2661 acriter

153 2715 252 2757 canem
265 2694 358 2772 petiit,
374 2698 409 2752 ut
421 2693 446 2751 is
460 2692 580 2751 claudus
593 2691 753 2769 tristis-que
767 2693 805 2751 ad
818 2693 969 2753 dominum
982 2694 1092 2755 rediret

153 2791 184 2850 N
185 2809 231 2849 aro
244 2794 350 2861 autem,
365 2805 457 2862 quum
477 2784 563 2861 paulo
588 2785 704 2861 longius
718 2784 755 2844 ab
769 2804 802 2845 eo
822 2785 885 2845 loco
906 2788 1093 2863 processisset,

153 2901 257 2960 parrae
270 2878 383 2956 puellae
397 2878 528 2951 occurrit,
541 2896 615 2954 quae
635 2878 843 2952 mulctrarium,
858 2879 944 2938 niveo
958 2880 1032 2938 lacte
1045 2881 1094 2939 im·

152 2976 273 3053 pletum,
297 2990 410 3031 summo
438 2970 531 3048 capite
555 2970 697 3047 portabat
751 2971 836 3031 Hane
860 2991 932 3048 puer
954 2973 1094 3049 malignus

152 3068 261 3129 salvere
282 3065 378 3142 jussit
431 3062 558 3138 Deinde,
583 3083 675 3139 quum
688 3063 741 3122 illa
753 3065 952 3140 praeteriisset,
963 3065 1016 3126 vhic
1033 3085 1094 3125 con·

152 3180 259 3234 versus,
275 3161 339 3236 ejus
358 3158 490 3234 vestigiis
510 3157 656 3234 ingressus
670 3162 720 3216 est
768 3156 904 3234 Denique
920 3158 1017 3217 subito
1037 3159 1094 3219 ictu

152 3254 351 3316 mulctrarium
364 3250 540 3323 deturbavit,
553 3254 582 3308 et
595 3250 720 3323 vultum,
733 3249 861 3326 capillos,
873 3254 992 3323 vestam,
1004 3257 1092 3311 totum

152 3349 259 3423 corpus
268 3344 393 3403 infelicis
407 3342 521 3418 puellae
534 3342 609 3400 lacte
623 3340 783 3400 madefecit.
1192 3338 1193 3343 ’
