<?xml version="1.0" encoding="UTF-8"?>
<!DOCTYPE html PUBLIC "-//W3C//DTD XHTML 1.0 Transitional//EN"
    "http://www.w3.org/TR/xhtml1/DTD/xhtml1-transitional.dtd">
<html xmlns="http://www.w3.org/1999/xhtml" xml:lang="en" lang="en">
 <head>
  <title>
</title>
<meta http-equiv="Content-Type" content="text/html;charset=utf-8" />
  <meta name='ocr-system' content='tesseract 3.04.00' />
  <meta name='ocr-capabilities' content='ocr_page ocr_carea ocr_par ocr_line ocrx_word'/>
</head>
<body>
  <div class='ocr_page' id='page_1' title='image "./gradatim03kinggoog/gradatim03kinggoog_0075.png"; bbox 0 0 2409 3875; ppageno 0'>
   <div class='ocr_carea' id='block_1_1' title="bbox 462 240 737 310">
    <p class='ocr_par' dir='ltr' id='par_1_1' title="bbox 462 240 737 310">
     <span class='ocr_line' id='line_1_1' title="bbox 462 240 737 310; baseline -0.011 1"><span class='ocrx_word' id='word_1_1' title='bbox 462 240 737 310; x_wconf 75' lang='lat' dir='ltr'><strong>Translationa.</strong></span> 
     </span>
    </p>
   </div>
   <div class='ocr_carea' id='block_1_2' title="bbox 362 482 843 566">
    <p class='ocr_par' dir='ltr' id='par_1_2' title="bbox 362 482 843 566">
     <span class='ocr_line' id='line_1_2' title="bbox 362 482 843 566; baseline -0.002 -18"><span class='ocrx_word' id='word_1_2' title='bbox 362 497 414 566; x_wconf 89' lang='lat'><strong>97.</strong></span> <span class='ocrx_word' id='word_1_3' title='bbox 441 484 508 549; x_wconf 78' lang='lat' dir='ltr'><strong>Ylte</strong></span> <span class='ocrx_word' id='word_1_4' title='bbox 525 482 658 550; x_wconf 84' lang='lat' dir='ltr'><strong>Guards</strong></span> <span class='ocrx_word' id='word_1_5' title='bbox 671 483 843 550; x_wconf 82' lang='lat' dir='ltr'><strong>outwittea&#39;.</strong></span> 
     </span>
    </p>
   </div>
   <div class='ocr_carea' id='block_1_3' title="bbox 126 617 1073 1713">
    <p class='ocr_par' dir='ltr' id='par_1_3' title="bbox 126 617 1073 1713">
     <span class='ocr_line' id='line_1_3' title="bbox 170 617 1073 695; baseline 0.002 -19"><span class='ocrx_word' id='word_1_6' title='bbox 170 617 324 693; x_wconf 86' lang='lat' dir='ltr'><strong>Hauricus,</strong></span> <span class='ocrx_word' id='word_1_7' title='bbox 333 638 385 679; x_wconf 87' lang='lat' dir='ltr'><strong>rex</strong></span> <span class='ocrx_word' id='word_1_8' title='bbox 399 618 614 692; x_wconf 77' lang='lat' dir='ltr'><strong>Britannorum,</strong></span> <span class='ocrx_word' id='word_1_9' title='bbox 625 619 677 695; x_wconf 92' lang='lat' dir='ltr'><strong>qui</strong></span> <span class='ocrx_word' id='word_1_10' title='bbox 690 637 757 678; x_wconf 91' lang='lat' dir='ltr'><strong>cum</strong></span> <span class='ocrx_word' id='word_1_11' title='bbox 770 617 884 678; x_wconf 90' lang='lat' dir='ltr'><strong>civibus</strong></span> <span class='ocrx_word' id='word_1_12' title='bbox 897 617 1073 679; x_wconf 83' lang='lat' dir='ltr'><strong>turbulentis</strong></span> 
     </span>
     <span class='ocr_line' id='line_1_4' title="bbox 129 709 1073 789; baseline 0.003 -21"><span class='ocrx_word' id='word_1_13' title='bbox 129 709 240 770; x_wconf 90' lang='lat' dir='ltr'><strong>bellum</strong></span> <span class='ocrx_word' id='word_1_14' title='bbox 262 710 389 788; x_wconf 76' lang='lat' dir='ltr'>gerebat,</span> <span class='ocrx_word' id='word_1_15' title='bbox 409 712 504 772; x_wconf 88' lang='lat' dir='ltr'><strong>filium</strong></span> <span class='ocrx_word' id='word_1_16' title='bbox 524 730 610 772; x_wconf 91' lang='lat' dir='ltr'><strong>suum</strong></span> <span class='ocrx_word' id='word_1_17' title='bbox 629 711 773 788; x_wconf 87' lang='lat' dir='ltr'><strong>equitatui</strong></span> <span class='ocrx_word' id='word_1_18' title='bbox 792 711 972 789; x_wconf 83' lang='lat' dir='ltr'><strong>praefecerat</strong></span> <span class='ocrx_word' id='word_1_19' title='bbox 1015 711 1073 772; x_wconf 90' lang='lat' dir='ltr'><strong>Hic</strong></span> 
     </span>
     <span class='ocr_line' id='line_1_5' title="bbox 129 803 1073 880; baseline 0.001 -19"><span class='ocrx_word' id='word_1_20' title='bbox 129 807 235 877; x_wconf 87' lang='lat' dir='ltr'><strong>tamen,</strong></span> <span class='ocrx_word' id='word_1_21' title='bbox 248 804 368 879; x_wconf 80' lang='lat' dir='ltr'><strong>juvenis</strong></span> <span class='ocrx_word' id='word_1_22' title='bbox 380 823 452 876; x_wconf 87' lang='lat' dir='ltr'><strong>acer,</strong></span> <span class='ocrx_word' id='word_1_23' title='bbox 466 803 545 879; x_wconf 92' lang='lat' dir='ltr'><strong>quod</strong></span> <span class='ocrx_word' id='word_1_24' title='bbox 560 803 707 880; x_wconf 87' lang='lat' dir='ltr'><strong>equitibus</strong></span> <span class='ocrx_word' id='word_1_25' title='bbox 726 803 854 863; x_wconf 88' lang='lat' dir='ltr'><strong>hostium</strong></span> <span class='ocrx_word' id='word_1_26' title='bbox 876 804 974 863; x_wconf 84' lang='lat' dir='ltr'><strong>effusis</strong></span> <span class='ocrx_word' id='word_1_27' title='bbox 988 803 1073 863; x_wconf 88' lang='lat' dir='ltr'><strong>auda·</strong></span> 
     </span>
     <span class='ocr_line' id='line_1_6' title="bbox 129 895 1072 974; baseline 0.002 -20"><span class='ocrx_word' id='word_1_28' title='bbox 129 896 190 955; x_wconf 88' lang='lat' dir='ltr'><strong>cius</strong></span> <span class='ocrx_word' id='word_1_29' title='bbox 210 896 364 973; x_wconf 73' lang='lat' dir='ltr'><strong>institerat,</strong></span> <span class='ocrx_word' id='word_1_30' title='bbox 380 895 499 956; x_wconf 65' lang='lat' dir='ltr'><strong>undem</strong></span> <span class='ocrx_word' id='word_1_31' title='bbox 518 900 619 974; x_wconf 86' lang='lat' dir='ltr'><strong>captus</strong></span> <span class='ocrx_word' id='word_1_32' title='bbox 639 899 684 956; x_wconf 88' lang='lat' dir='ltr'><strong>aet</strong></span> <span class='ocrx_word' id='word_1_33' title='bbox 703 896 741 955; x_wconf 90' lang='lat' dir='ltr'><strong>ab</strong></span> <span class='ocrx_word' id='word_1_34' title='bbox 755 895 897 956; x_wconf 82' lang='lat' dir='ltr'><strong>hostibus.</strong></span> <span class='ocrx_word' id='word_1_35' title='bbox 939 896 1072 956; x_wconf 76' lang='lat' dir='ltr'><strong>Victores</strong></span> 
     </span>
     <span class='ocr_line' id='line_1_7' title="bbox 128 986 1073 1066; baseline 0 -20"><span class='ocrx_word' id='word_1_36' title='bbox 128 994 225 1047; x_wconf 89' lang='lat' dir='ltr'><strong>autem</strong></span> <span class='ocrx_word' id='word_1_37' title='bbox 239 989 290 1065; x_wconf 88' lang='lat' dir='ltr'><strong>qui</strong></span> <span class='ocrx_word' id='word_1_38' title='bbox 303 989 419 1066; x_wconf 86' lang='lat' dir='ltr'><strong>captivo</strong></span> <span class='ocrx_word' id='word_1_39' title='bbox 432 986 571 1049; x_wconf 82' lang='lat' dir='ltr'><strong>volebant</strong></span> <span class='ocrx_word' id='word_1_40' title='bbox 589 987 748 1064; x_wconf 85' lang='lat' dir='ltr'><strong>indulgere,</strong></span> <span class='ocrx_word' id='word_1_41' title='bbox 763 1007 829 1046; x_wconf 91' lang='lat' dir='ltr'><strong>aum</strong></span> <span class='ocrx_word' id='word_1_42' title='bbox 849 989 985 1048; x_wconf 91' lang='lat' dir='ltr'><strong>sinebant</strong></span> <span class='ocrx_word' id='word_1_43' title='bbox 1005 1006 1073 1063; x_wconf 81' lang='lat' dir='ltr'><strong>qno</strong></span> 
     </span>
     <span class='ocr_line' id='line_1_8' title="bbox 129 1079 1072 1158; baseline 0 -19"><span class='ocrx_word' id='word_1_44' title='bbox 129 1081 200 1140; x_wconf 89' lang='lat' dir='ltr'><strong>tidie</strong></span> <span class='ocrx_word' id='word_1_45' title='bbox 220 1099 287 1140; x_wconf 90' lang='lat' dir='ltr'><strong>cnm</strong></span> <span class='ocrx_word' id='word_1_46' title='bbox 310 1081 411 1158; x_wconf 88' lang='lat' dir='ltr'><strong>paucis</strong></span> <span class='ocrx_word' id='word_1_47' title='bbox 432 1080 603 1140; x_wconf 73' lang='lat' dir='ltr'><strong>custodibus</strong></span> <span class='ocrx_word' id='word_1_48' title='bbox 630 1081 760 1156; x_wconf 84' lang='lat' dir='ltr'><strong>ineque</strong></span> <span class='ocrx_word' id='word_1_49' title='bbox 784 1079 861 1140; x_wconf 76' lang='lat' dir='ltr'><strong>vehi</strong></span> <span class='ocrx_word' id='word_1_50' title='bbox 905 1080 1072 1157; x_wconf 78' lang='lat' dir='ltr'><strong>Aliquando</strong></span> 
     </span>
     <span class='ocr_line' id='line_1_9' title="bbox 128 1171 1073 1251; baseline 0 -19"><span class='ocrx_word' id='word_1_51' title='bbox 128 1173 262 1233; x_wconf 91' lang='lat' dir='ltr'><strong>custodes</strong></span> <span class='ocrx_word' id='word_1_52' title='bbox 275 1175 362 1250; x_wconf 82' lang='lat' dir='ltr'><strong>J&#39;ussu</strong></span> <span class='ocrx_word' id='word_1_53' title='bbox 374 1171 514 1251; x_wconf 87' lang='lat' dir='ltr'><strong>principis</strong></span> <span class='ocrx_word' id='word_1_54' title='bbox 533 1173 611 1231; x_wconf 81' lang='lat' dir='ltr'><strong>iuter</strong></span> <span class='ocrx_word' id='word_1_55' title='bbox 623 1191 654 1231; x_wconf 87' lang='lat' dir='ltr'><strong>se</strong></span> <span class='ocrx_word' id='word_1_56' title='bbox 668 1191 752 1232; x_wconf 88' lang='lat' dir='ltr'><strong>cursu</strong></span> <span class='ocrx_word' id='word_1_57' title='bbox 767 1190 906 1249; x_wconf 87' lang='lat' dir='ltr'><strong>equorum</strong></span> <span class='ocrx_word' id='word_1_58' title='bbox 919 1173 1073 1233; x_wconf 78' lang='lat' dir='ltr'><strong>contenda</strong></span> 
     </span>
     <span class='ocr_line' id='line_1_10' title="bbox 128 1265 1073 1342; baseline -0.001 -17"><span class='ocrx_word' id='word_1_59' title='bbox 128 1265 206 1325; x_wconf 87' lang='lat' dir='ltr'><strong>bant</strong></span> <span class='ocrx_word' id='word_1_60' title='bbox 249 1266 380 1325; x_wconf 79' lang='lat' dir='ltr'><strong>Tandem</strong></span> <span class='ocrx_word' id='word_1_61' title='bbox 398 1270 553 1342; x_wconf 87' lang='lat' dir='ltr'><strong>postquam</strong></span> <span class='ocrx_word' id='word_1_62' title='bbox 580 1265 649 1342; x_wconf 90' lang='lat' dir='ltr'><strong>equi</strong></span> <span class='ocrx_word' id='word_1_63' title='bbox 669 1265 799 1323; x_wconf 90' lang='lat' dir='ltr'><strong>omnium</strong></span> <span class='ocrx_word' id='word_1_64' title='bbox 820 1283 906 1324; x_wconf 88' lang='lat' dir='ltr'><strong>cursu</strong></span> <span class='ocrx_word' id='word_1_65' title='bbox 925 1270 956 1324; x_wconf 90' lang='lat' dir='ltr'><strong>et</strong></span> <span class='ocrx_word' id='word_1_66' title='bbox 975 1265 1073 1324; x_wconf 87' lang='lat' dir='ltr'><strong>labore</strong></span> 
     </span>
     <span class='ocr_line' id='line_1_11' title="bbox 127 1356 1073 1435; baseline -0.002 -17"><span class='ocrx_word' id='word_1_67' title='bbox 127 1359 253 1418; x_wconf 81' lang='lat' dir='ltr'><strong>coniecti</strong></span> <span class='ocrx_word' id='word_1_68' title='bbox 283 1361 362 1433; x_wconf 90' lang='lat' dir='ltr'><strong>sunt,</strong></span> <span class='ocrx_word' id='word_1_69' title='bbox 391 1358 533 1435; x_wconf 84' lang='lat' dir='ltr'><strong>princeps,</strong></span> <span class='ocrx_word' id='word_1_70' title='bbox 561 1357 613 1434; x_wconf 90' lang='lat' dir='ltr'><strong>qui</strong></span> <span class='ocrx_word' id='word_1_71' title='bbox 640 1375 657 1414; x_wconf 94' lang='lat' dir='ltr'><strong>a</strong></span> <span class='ocrx_word' id='word_1_72' title='bbox 683 1356 839 1416; x_wconf 85' lang='lat' dir='ltr'><strong>certamine</strong></span> <span class='ocrx_word' id='word_1_73' title='bbox 866 1356 903 1420; x_wconf 89' lang='lat' dir='ltr'><strong>de</strong></span> <span class='ocrx_word' id='word_1_74' title='bbox 929 1357 1073 1416; x_wconf 86' lang='lat' dir='ltr'><strong>industria</strong></span> 
     </span>
     <span class='ocr_line' id='line_1_12' title="bbox 128 1448 1072 1526; baseline -0.002 -16"><span class='ocrx_word' id='word_1_75' title='bbox 128 1450 300 1523; x_wconf 88' lang='lat' dir='ltr'><strong>abstinebat,</strong></span> <span class='ocrx_word' id='word_1_76' title='bbox 324 1449 423 1523; x_wconf 87' lang='lat' dir='ltr'><strong>“Eu,&#39;&#39;</strong></span> <span class='ocrx_word' id='word_1_77' title='bbox 452 1450 558 1526; x_wconf 88' lang='lat' dir='ltr'><strong>iuquit,</strong></span> <span class='ocrx_word' id='word_1_78' title='bbox 582 1448 692 1508; x_wconf 86' lang='lat' dir='ltr'><strong>“vobis</strong></span> <span class='ocrx_word' id='word_1_79' title='bbox 713 1466 822 1508; x_wconf 81' lang='lat' dir='ltr'><strong>novum</strong></span> <span class='ocrx_word' id='word_1_80' title='bbox 842 1452 986 1508; x_wconf 88' lang='lat' dir='ltr'><strong>certamen</strong></span> <span class='ocrx_word' id='word_1_81' title='bbox 1010 1468 1072 1526; x_wconf 89' lang='lat' dir='ltr'><strong>pro·</strong></span> 
     </span>
     <span class='ocr_line' id='line_1_13' title="bbox 127 1541 1072 1621; baseline -0.001 -19"><span class='ocrx_word' id='word_1_82' title='bbox 127 1544 232 1621; x_wconf 85' lang='lat' dir='ltr'><strong>pono.&#39;’</strong></span> <span class='ocrx_word' id='word_1_83' title='bbox 272 1542 349 1603; x_wconf 82' lang='lat' dir='ltr'><strong>Cum</strong></span> <span class='ocrx_word' id='word_1_84' title='bbox 362 1542 513 1601; x_wconf 67' lang='lat' dir='ltr'><strong>hisverffis</strong></span> <span class='ocrx_word' id='word_1_85' title='bbox 527 1560 633 1617; x_wconf 90' lang='lat' dir='ltr'><strong>equum</strong></span> <span class='ocrx_word' id='word_1_86' title='bbox 654 1542 799 1617; x_wconf 84' lang='lat' dir='ltr'><strong>integrum</strong></span> <span class='ocrx_word' id='word_1_87' title='bbox 819 1541 962 1613; x_wconf 86' lang='lat' dir='ltr'><strong>incitavit,</strong></span> <span class='ocrx_word' id='word_1_88' title='bbox 977 1542 1072 1601; x_wconf 83' lang='lat' dir='ltr'><strong>celeri·</strong></span> 
     </span>
     <span class='ocr_line' id='line_1_14' title="bbox 126 1633 1067 1713; baseline 0.001 -19"><span class='ocrx_word' id='word_1_89' title='bbox 126 1642 227 1712; x_wconf 88' lang='lat' dir='ltr'><strong>terqua</strong></span> <span class='ocrx_word' id='word_1_90' title='bbox 240 1655 256 1694; x_wconf 95' lang='lat' dir='ltr'><strong>e</strong></span> <span class='ocrx_word' id='word_1_91' title='bbox 270 1641 427 1713; x_wconf 89' lang='lat' dir='ltr'><strong>conspectu</strong></span> <span class='ocrx_word' id='word_1_92' title='bbox 440 1635 568 1694; x_wconf 87' lang='lat' dir='ltr'><strong>hostium</strong></span> <span class='ocrx_word' id='word_1_93' title='bbox 582 1636 722 1694; x_wconf 84' lang='lat' dir='ltr'><strong>fessorum</strong></span> <span class='ocrx_word' id='word_1_94' title='bbox 735 1633 774 1693; x_wconf 92' lang='lat' dir='ltr'><strong>ad</strong></span> <span class='ocrx_word' id='word_1_95' title='bbox 787 1635 893 1693; x_wconf 88' lang='lat' dir='ltr'><strong>amicos</strong></span> <span class='ocrx_word' id='word_1_96' title='bbox 903 1639 1004 1696; x_wconf 85' lang='lat' dir='ltr'><strong>vectus</strong></span> <span class='ocrx_word' id='word_1_97' title='bbox 1017 1643 1067 1695; x_wconf 84' lang='lat' dir='ltr'><strong>est</strong></span> 
     </span>
    </p>
   </div>
   <div class='ocr_carea' id='block_1_4' title="bbox 490 1813 703 1894">
    <p class='ocr_par' dir='ltr' id='par_1_4' title="bbox 490 1813 703 1894">
     <span class='ocr_line' id='line_1_15' title="bbox 490 1813 703 1894; baseline -0.014 -15"><span class='ocrx_word' id='word_1_98' title='bbox 490 1815 542 1894; x_wconf 89' lang='lat'><strong>98.</strong></span> <span class='ocrx_word' id='word_1_99' title='bbox 563 1813 594 1877; x_wconf 80' lang='lat' dir='ltr'><em>A</em></span> <span class='ocrx_word' id='word_1_100' title='bbox 614 1813 703 1877; x_wconf 88' lang='lat' dir='ltr'><strong>Foul.</strong></span> 
     </span>
    </p>
   </div>
   <div class='ocr_carea' id='block_1_5' title="bbox 165 1946 1067 2011">
    <p class='ocr_par' dir='ltr' id='par_1_5' title="bbox 165 1946 1067 2011">
     <span class='ocr_line' id='line_1_16' title="bbox 165 1946 1067 2011; baseline 0.003 -3"><span class='ocrx_word' id='word_1_101' title='bbox 165 1948 314 2008; x_wconf 88' lang='lat' dir='ltr'><strong>Romanus</strong></span> <span class='ocrx_word' id='word_1_102' title='bbox 327 1947 398 2007; x_wconf 88' lang='lat' dir='ltr'><strong>olim</strong></span> <span class='ocrx_word' id='word_1_103' title='bbox 410 1966 477 2007; x_wconf 89' lang='lat' dir='ltr'><strong>cum</strong></span> <span class='ocrx_word' id='word_1_104' title='bbox 491 1946 606 2007; x_wconf 88' lang='lat' dir='ltr'><strong>duobus</strong></span> <span class='ocrx_word' id='word_1_105' title='bbox 626 1946 743 2008; x_wconf 83' lang='lat' dir='ltr'><strong>Graecis</strong></span> <span class='ocrx_word' id='word_1_106' title='bbox 762 1966 848 2009; x_wconf 87' lang='lat' dir='ltr'><strong>cursu</strong></span> <span class='ocrx_word' id='word_1_107' title='bbox 868 1948 1067 2011; x_wconf 83' lang='lat' dir='ltr'><strong>contendebat</strong></span> 
     </span>
    </p>
   </div>
   <div class='ocr_carea' id='block_1_6' title="bbox 121 2043 1071 3050">
    <p class='ocr_par' dir='ltr' id='par_1_6' title="bbox 121 2043 1071 3050">
     <span class='ocr_line' id='line_1_17' title="bbox 124 2043 1067 2122; baseline 0.002 -17"><span class='ocrx_word' id='word_1_108' title='bbox 124 2044 187 2106; x_wconf 91' lang='lat' dir='ltr'><strong>Ubi</strong></span> <span class='ocrx_word' id='word_1_109' title='bbox 200 2045 316 2122; x_wconf 83' lang='lat' dir='ltr'><strong>siguum</strong></span> <span class='ocrx_word' id='word_1_110' title='bbox 329 2045 431 2104; x_wconf 85' lang='lat' dir='ltr'><strong>datum</strong></span> <span class='ocrx_word' id='word_1_111' title='bbox 443 2048 496 2118; x_wconf 90' lang='lat' dir='ltr'><strong>est,</strong></span> <span class='ocrx_word' id='word_1_112' title='bbox 508 2063 607 2104; x_wconf 89' lang='lat' dir='ltr'><strong>omnes</strong></span> <span class='ocrx_word' id='word_1_113' title='bbox 620 2043 728 2121; x_wconf 84' lang='lat' dir='ltr'><strong>pariter</strong></span> <span class='ocrx_word' id='word_1_114' title='bbox 740 2063 756 2103; x_wconf 91' lang='lat' dir='ltr'><strong>e</strong></span> <span class='ocrx_word' id='word_1_115' title='bbox 770 2046 930 2105; x_wconf 79' lang='lat' dir='ltr'><strong>carceribus</strong></span> <span class='ocrx_word' id='word_1_116' title='bbox 943 2047 1067 2108; x_wconf 87' lang='lat' dir='ltr'><strong>evolent.</strong></span> 
     </span>
     <span class='ocr_line' id='line_1_18' title="bbox 124 2136 1071 2217; baseline 0 -18"><span class='ocrx_word' id='word_1_117' title='bbox 124 2139 198 2199; x_wconf 86' lang='lat' dir='ltr'><strong>Mox</strong></span> <span class='ocrx_word' id='word_1_118' title='bbox 212 2144 310 2199; x_wconf 89' lang='lat' dir='ltr'><strong>tamen</strong></span> <span class='ocrx_word' id='word_1_119' title='bbox 323 2156 400 2197; x_wconf 90' lang='lat' dir='ltr'><strong>uuus</strong></span> <span class='ocrx_word' id='word_1_120' title='bbox 413 2155 429 2196; x_wconf 85' lang='lat' dir='ltr'><strong>e</strong></span> <span class='ocrx_word' id='word_1_121' title='bbox 443 2136 567 2211; x_wconf 88' lang='lat' dir='ltr'><strong>Graecis,</strong></span> <span class='ocrx_word' id='word_1_122' title='bbox 582 2138 634 2215; x_wconf 90' lang='lat' dir='ltr'><strong>qui</strong></span> <span class='ocrx_word' id='word_1_123' title='bbox 648 2137 792 2197; x_wconf 83' lang='lat' dir='ltr'><strong>celeritate</strong></span> <span class='ocrx_word' id='word_1_124' title='bbox 806 2138 914 2215; x_wconf 89' lang='lat' dir='ltr'><strong>padum</strong></span> <span class='ocrx_word' id='word_1_125' title='bbox 928 2146 1071 2217; x_wconf 88' lang='lat' dir='ltr'><strong>praestan·</strong></span> 
     </span>
     <span class='ocr_line' id='line_1_19' title="bbox 123 2222 1070 2307; baseline 0.001 -17"><span class='ocrx_word' id='word_1_126' title='bbox 123 2232 181 2291; x_wconf 91' lang='lat' dir='ltr'><strong>tior</strong></span> <span class='ocrx_word' id='word_1_127' title='bbox 200 2230 266 2305; x_wconf 86' lang='lat' dir='ltr'><strong>fuit,</strong></span> <span class='ocrx_word' id='word_1_128' title='bbox 282 2236 390 2289; x_wconf 86' lang='lat' dir='ltr'><strong>ceteros</strong></span> <span class='ocrx_word' id='word_1_129' title='bbox 409 2230 569 2307; x_wconf 84' lang='lat' dir='ltr'><strong>superabat</strong></span> <span class='ocrx_word' id='word_1_130' title='bbox 614 2228 693 2288; x_wconf 92' lang='lat' dir='ltr'><strong>Huic</strong></span> <span class='ocrx_word' id='word_1_131' title='bbox 715 2230 829 2289; x_wconf 91' lang='lat' dir='ltr'><strong>modico</strong></span> <span class='ocrx_word' id='word_1_132' title='bbox 851 2231 1006 2290; x_wconf 85' lang='lat' dir='ltr'><strong>intervallo</strong></span> <span class='ocrx_word' id='word_1_133' title='bbox 1026 2222 1070 2292; x_wconf 85' lang='lat' dir='ltr'><strong>iu·</strong></span> 
     </span>
     <span class='ocr_line' id='line_1_20' title="bbox 121 2322 1070 2399; baseline 0.003 -17"><span class='ocrx_word' id='word_1_134' title='bbox 121 2324 244 2383; x_wconf 87' lang='lat' dir='ltr'><strong>sistebat</strong></span> <span class='ocrx_word' id='word_1_135' title='bbox 267 2322 425 2395; x_wconf 87' lang='lat' dir='ltr'><strong>Romanus,</strong></span> <span class='ocrx_word' id='word_1_136' title='bbox 446 2342 531 2399; x_wconf 88' lang='lat' dir='ltr'><strong>quem</strong></span> <span class='ocrx_word' id='word_1_137' title='bbox 560 2323 696 2381; x_wconf 86' lang='lat' dir='ltr'><strong>acerrimo</strong></span> <span class='ocrx_word' id='word_1_138' title='bbox 724 2341 809 2381; x_wconf 89' lang='lat' dir='ltr'><strong>cursu</strong></span> <span class='ocrx_word' id='word_1_139' title='bbox 837 2329 920 2399; x_wconf 85' lang='lat' dir='ltr'><strong>urget</strong></span> <span class='ocrx_word' id='word_1_140' title='bbox 944 2324 1070 2385; x_wconf 85' lang='lat' dir='ltr'><strong>Graecus</strong></span> 
     </span>
     <span class='ocr_line' id='line_1_21' title="bbox 123 2414 1070 2493; baseline 0.001 -18"><span class='ocrx_word' id='word_1_141' title='bbox 123 2416 203 2476; x_wconf 82' lang='lat' dir='ltr'><strong>alter.</strong></span> <span class='ocrx_word' id='word_1_142' title='bbox 245 2415 381 2492; x_wconf 85' lang='lat' dir='ltr'><strong>Jamque</strong></span> <span class='ocrx_word' id='word_1_143' title='bbox 395 2415 448 2475; x_wconf 89' lang='lat' dir='ltr'><strong>ubi</strong></span> <span class='ocrx_word' id='word_1_144' title='bbox 460 2416 515 2474; x_wconf 91' lang='lat' dir='ltr'><strong>sub</strong></span> <span class='ocrx_word' id='word_1_145' title='bbox 529 2415 626 2493; x_wconf 89' lang='lat' dir='ltr'><strong>ipsum</strong></span> <span class='ocrx_word' id='word_1_146' title='bbox 640 2414 727 2474; x_wconf 87' lang='lat' dir='ltr'><strong>finam</strong></span> <span class='ocrx_word' id='word_1_147' title='bbox 741 2416 944 2489; x_wconf 88' lang='lat' dir='ltr'><strong>adveniebant,</strong></span> <span class='ocrx_word' id='word_1_148' title='bbox 959 2418 1070 2493; x_wconf 88' lang='lat' dir='ltr'><strong>primus</strong></span> 
     </span>
     <span class='ocr_line' id='line_1_22' title="bbox 123 2510 1070 2589; baseline 0.001 -17"><span class='ocrx_word' id='word_1_149' title='bbox 123 2511 305 2585; x_wconf 83' lang='lat' dir='ltr'><strong>Graecorum,</strong></span> <span class='ocrx_word' id='word_1_150' title='bbox 321 2513 373 2588; x_wconf 93' lang='lat' dir='ltr'><strong>qui</strong></span> <span class='ocrx_word' id='word_1_151' title='bbox 395 2512 547 2579; x_wconf 72' lang='lat' dir='ltr'><strong>uictoriam</strong></span> <span class='ocrx_word' id='word_1_152' title='bbox 571 2530 623 2589; x_wconf 90' lang='lat' dir='ltr'><strong>pro</strong></span> <span class='ocrx_word' id='word_1_153' title='bbox 645 2518 723 2571; x_wconf 89' lang='lat' dir='ltr'><strong>certo</strong></span> <span class='ocrx_word' id='word_1_154' title='bbox 745 2510 858 2586; x_wconf 88' lang='lat' dir='ltr'><strong>habuit,</strong></span> <span class='ocrx_word' id='word_1_155' title='bbox 873 2514 971 2573; x_wconf 90' lang='lat' dir='ltr'><strong>miuus</strong></span> <span class='ocrx_word' id='word_1_156' title='bbox 987 2519 1070 2573; x_wconf 85' lang='lat' dir='ltr'><strong>caute</strong></span> 
     </span>
     <span class='ocr_line' id='line_1_23' title="bbox 123 2604 1070 2685; baseline 0 -18"><span class='ocrx_word' id='word_1_157' title='bbox 123 2606 264 2667; x_wconf 83' lang='lat' dir='ltr'><strong>currebat</strong></span> <span class='ocrx_word' id='word_1_158' title='bbox 317 2605 374 2664; x_wconf 91' lang='lat' dir='ltr'><strong>Ille</strong></span> <span class='ocrx_word' id='word_1_159' title='bbox 401 2609 499 2665; x_wconf 89' lang='lat' dir='ltr'><strong>autem</strong></span> <span class='ocrx_word' id='word_1_160' title='bbox 525 2604 638 2665; x_wconf 85' lang='lat' dir='ltr'><strong>lubrico</strong></span> <span class='ocrx_word' id='word_1_161' title='bbox 665 2607 794 2683; x_wconf 78' lang='lat' dir='ltr'><strong>gramine</strong></span> <span class='ocrx_word' id='word_1_162' title='bbox 818 2606 908 2665; x_wconf 78' lang='lat' dir='ltr'><strong>salsus</strong></span> <span class='ocrx_word' id='word_1_163' title='bbox 935 2626 1070 2685; x_wconf 86' lang='lat' dir='ltr'><strong>praeceps</strong></span> 
     </span>
     <span class='ocr_line' id='line_1_24' title="bbox 122 2698 1068 2777; baseline 0 -18"><span class='ocrx_word' id='word_1_164' title='bbox 122 2699 240 2759; x_wconf 84' lang='lat' dir='ltr'><strong>decidit.</strong></span> <span class='ocrx_word' id='word_1_165' title='bbox 282 2698 357 2757; x_wconf 81' lang='lat' dir='ltr'><strong>Tum</strong></span> <span class='ocrx_word' id='word_1_166' title='bbox 371 2698 450 2774; x_wconf 91' lang='lat' dir='ltr'><strong>qnod</strong></span> <span class='ocrx_word' id='word_1_167' title='bbox 464 2698 526 2775; x_wconf 90' lang='lat' dir='ltr'><strong>ipse</strong></span> <span class='ocrx_word' id='word_1_168' title='bbox 539 2699 700 2775; x_wconf 88' lang='lat' dir='ltr'><strong>praemium</strong></span> <span class='ocrx_word' id='word_1_169' title='bbox 713 2703 857 2776; x_wconf 83' lang='lat' dir='ltr'><strong>reportare</strong></span> <span class='ocrx_word' id='word_1_170' title='bbox 879 2717 939 2758; x_wconf 90' lang='lat' dir='ltr'><strong>uon</strong></span> <span class='ocrx_word' id='word_1_171' title='bbox 962 2700 1068 2777; x_wconf 89' lang='lat' dir='ltr'><strong>potuit,</strong></span> 
     </span>
     <span class='ocr_line' id='line_1_25' title="bbox 121 2790 1068 2869; baseline 0.001 -20"><span class='ocrx_word' id='word_1_172' title='bbox 121 2791 207 2850; x_wconf 90' lang='lat' dir='ltr'><strong>amici</strong></span> <span class='ocrx_word' id='word_1_173' title='bbox 220 2790 300 2849; x_wconf 92' lang='lat' dir='ltr'><strong>baud</strong></span> <span class='ocrx_word' id='word_1_174' title='bbox 314 2790 471 2863; x_wconf 70' lang='lat' dir='ltr'><strong>immemoq</strong></span> <span class='ocrx_word' id='word_1_175' title='bbox 487 2808 548 2850; x_wconf 87' lang='lat' dir='ltr'><strong>sese</strong></span> <span class='ocrx_word' id='word_1_176' title='bbox 562 2792 698 2868; x_wconf 88' lang='lat' dir='ltr'><strong>opposuit</strong></span> <span class='ocrx_word' id='word_1_177' title='bbox 714 2791 846 2851; x_wconf 87' lang='lat' dir='ltr'><strong>Romano</strong></span> <span class='ocrx_word' id='word_1_178' title='bbox 866 2794 1068 2869; x_wconf 85' lang='lat' dir='ltr'><strong>praetereunti,</strong></span> 
     </span>
     <span class='ocr_line' id='line_1_26' title="bbox 122 2881 1070 2961; baseline 0.001 -20"><span class='ocrx_word' id='word_1_179' title='bbox 122 2883 174 2959; x_wconf 92' lang='lat' dir='ltr'><strong>qui</strong></span> <span class='ocrx_word' id='word_1_180' title='bbox 193 2881 320 2942; x_wconf 80' lang='lat' dir='ltr'><strong>invicem</strong></span> <span class='ocrx_word' id='word_1_181' title='bbox 343 2881 382 2940; x_wconf 89' lang='lat' dir='ltr'><strong>ad</strong></span> <span class='ocrx_word' id='word_1_182' title='bbox 402 2888 508 2941; x_wconf 86' lang='lat' dir='ltr'><strong>terram</strong></span> <span class='ocrx_word' id='word_1_183' title='bbox 532 2881 703 2960; x_wconf 77' lang='lat' dir='ltr'><strong>provolutus</strong></span> <span class='ocrx_word' id='word_1_184' title='bbox 724 2886 775 2943; x_wconf 86' lang='lat' dir='ltr'><strong>est</strong></span> <span class='ocrx_word' id='word_1_185' title='bbox 819 2881 923 2961; x_wconf 86' lang='lat' dir='ltr'><strong>Itaque</strong></span> <span class='ocrx_word' id='word_1_186' title='bbox 944 2881 1070 2943; x_wconf 84' lang='lat' dir='ltr'><strong>Graecus</strong></span> 
     </span>
     <span class='ocr_line' id='line_1_27' title="bbox 122 2973 773 3050; baseline 0.002 -16"><span class='ocrx_word' id='word_1_187' title='bbox 122 2974 195 3035; x_wconf 86' lang='lat' dir='ltr'><strong>alter</strong></span> <span class='ocrx_word' id='word_1_188' title='bbox 208 2992 279 3034; x_wconf 83' lang='lat' dir='ltr'><strong>voco</strong></span> <span class='ocrx_word' id='word_1_189' title='bbox 291 2973 424 3033; x_wconf 90' lang='lat' dir='ltr'><strong>omnium</strong></span> <span class='ocrx_word' id='word_1_190' title='bbox 437 2973 531 3033; x_wconf 86' lang='lat' dir='ltr'><strong>victor</strong></span> <span class='ocrx_word' id='word_1_191' title='bbox 544 2978 589 3033; x_wconf 92' lang='lat' dir='ltr'><strong>est</strong></span> <span class='ocrx_word' id='word_1_192' title='bbox 602 2973 773 3050; x_wconf 81' lang='lat' dir='ltr'><strong>appellatus</strong></span> 
     </span>
    </p>
   </div>
   <div class='ocr_carea' id='block_1_7' title="bbox 351 3184 849 3279">
    <p class='ocr_par' dir='ltr' id='par_1_7' title="bbox 351 3184 849 3279">
     <span class='ocr_line' id='line_1_28' title="bbox 351 3184 849 3279; baseline 0.002 -30"><span class='ocrx_word' id='word_1_193' title='bbox 351 3201 403 3268; x_wconf 89' lang='lat'><strong>99.</strong></span> <span class='ocrx_word' id='word_1_194' title='bbox 425 3184 457 3249; x_wconf 84' lang='lat' dir='ltr'><strong><em>A</em></strong></span> <span class='ocrx_word' id='word_1_195' title='bbox 475 3184 660 3267; x_wconf 77' lang='lat' dir='ltr'><strong>Disguised</strong></span> <span class='ocrx_word' id='word_1_196' title='bbox 669 3185 849 3279; x_wconf 61' lang='lat' dir='ltr'><strong>Monarcd</strong></span> 
     </span>
    </p>
   </div>
   <div class='ocr_carea' id='block_1_8' title="bbox 121 3318 1070 3486">
    <p class='ocr_par' dir='ltr' id='par_1_8' title="bbox 121 3318 1070 3486">
     <span class='ocr_line' id='line_1_29' title="bbox 161 3318 1069 3401; baseline 0.002 -20"><span class='ocrx_word' id='word_1_197' title='bbox 161 3320 183 3381; x_wconf 82' lang='lat' dir='ltr'><strong>J</strong></span> <span class='ocrx_word' id='word_1_198' title='bbox 183 3319 297 3394; x_wconf 86' lang='lat' dir='ltr'><strong>ucobus,</strong></span> <span class='ocrx_word' id='word_1_199' title='bbox 309 3338 361 3379; x_wconf 85' lang='lat' dir='ltr'><strong>rex</strong></span> <span class='ocrx_word' id='word_1_200' title='bbox 370 3318 532 3394; x_wconf 82' lang='lat' dir='ltr'><strong>Scotorum,</strong></span> <span class='ocrx_word' id='word_1_201' title='bbox 543 3321 591 3380; x_wconf 76' lang='lat' dir='ltr'><strong>vir</strong></span> <span class='ocrx_word' id='word_1_202' title='bbox 599 3320 698 3397; x_wconf 84' lang='lat' dir='ltr'><strong>gloriae</strong></span> <span class='ocrx_word' id='word_1_203' title='bbox 711 3322 847 3381; x_wconf 87' lang='lat' dir='ltr'><strong>militaris</strong></span> <span class='ocrx_word' id='word_1_204' title='bbox 860 3324 972 3397; x_wconf 88' lang='lat' dir='ltr'><strong>avidos,</strong></span> <span class='ocrx_word' id='word_1_205' title='bbox 984 3342 1069 3401; x_wconf 86' lang='lat' dir='ltr'><strong>saepe</strong></span> 
     </span>
     <span class='ocr_line' id='line_1_30' title="bbox 121 3411 1070 3486; baseline 0 -13"><span class='ocrx_word' id='word_1_206' title='bbox 121 3416 185 3473; x_wconf 91' lang='lat' dir='ltr'><strong>sine</strong></span> <span class='ocrx_word' id='word_1_207' title='bbox 204 3412 267 3472; x_wconf 90' lang='lat' dir='ltr'><strong>ullo</strong></span> <span class='ocrx_word' id='word_1_208' title='bbox 288 3413 393 3471; x_wconf 86' lang='lat' dir='ltr'><strong>comite</strong></span> <span class='ocrx_word' id='word_1_209' title='bbox 414 3411 534 3486; x_wconf 86' lang='lat' dir='ltr'><strong>errabat,</strong></span> <span class='ocrx_word' id='word_1_210' title='bbox 549 3416 631 3471; x_wconf 82' lang='lat' dir='ltr'><strong>veste</strong></span> <span class='ocrx_word' id='word_1_211' title='bbox 650 3430 718 3473; x_wconf 83' lang='lat' dir='ltr'><strong>suaa</strong></span> <span class='ocrx_word' id='word_1_212' title='bbox 731 3414 864 3473; x_wconf 82' lang='lat' dir='ltr'><strong>fortunae</strong></span> <span class='ocrx_word' id='word_1_213' title='bbox 878 3414 1014 3474; x_wconf 89' lang='lat' dir='ltr'><strong>dissimili</strong></span> <span class='ocrx_word' id='word_1_214' title='bbox 1027 3417 1070 3473; x_wconf 90' lang='lat' dir='ltr'><strong>in·</strong></span> 
     </span>
    </p>
   </div>
   <div class='ocr_carea' id='block_1_9' title="bbox 0 0 1210 3875">
    <p class='ocr_par' dir='ltr' id='par_1_9' title="bbox 0 0 1210 3875">
     <span class='ocr_line' id='line_1_31' title="bbox 0 0 1210 3875; baseline 0 2"><span class='ocrx_word' id='word_1_215' title='bbox 0 0 1210 3875; x_wconf 95' lang='lat' dir='ltr'><strong> </strong></span> 
     </span>
    </p>
   </div>
  </div>
 </body>
</html>
