2409 3875
146 226 185 283 38
481 224 754 293 Translationa

145 413 244 475 mium
287 415 379 475 Mena
396 434 482 474 suum
503 415 628 493 quisquc
644 415 800 475 comitibus
818 414 965 474 somnium
984 416 1088 472 narrat.

145 506 262 567 Primus
288 528 326 567 ex
352 508 514 568 viatoribus
548 509 591 567 sic
624 508 748 587 incipit:
784 507 891 567 “Mihi
917 507 951 566 iu
978 506 1092 566 somnio

145 602 302 678 apparebat
321 622 423 681 rapum
443 602 679 679 ingentissimam
688 623 698 677 3
717 602 771 662 vix
790 602 822 661 id
841 601 964 662 trecenti
976 600 1035 660 viri
1053 618 1091 658 ex

145 714 212 771 agio
222 696 385 755 trahebant.
420 696 502 755 Num
513 715 566 756 vos
575 697 689 774 aliquid
698 696 754 757 hoc
763 691 1091 757 mirabiliusvidebstisl

145 787 224 847 Mihi
237 794 314 849 corte
326 788 487 868 preamium
501 788 650 850 debetur.”
755 782 762 791 ’

277 1116 324 1183 54
347 1102 379 1166 Α
408 1100 603 1183 Wunderful
613 1102 739 1167 Dream
755 1099 961 1186 (continued).

184 1269 259 1327 Tum
279 1268 431 1341 secundus,
452 1266 634 1327 “Somnium
653 1268 773 1344 quidem
792 1269 899 1328 mirum
918 1267 1090 1340 narravisti5

145 1362 219 1420 mihi
239 1368 336 1420 tamen
356 1360 469 1437 aliquid
489 1360 651 1419 mirabilius
671 1362 766 1420 visum
784 1368 835 1421 est
878 1362 957 1421 Nem
974 1361 1038 1420 vidi
1057 1361 1090 1418 iu

144 1454 257 1514 somnio
276 1473 329 1513 vas
348 1453 591 1529 ingentissimum,
613 1453 692 1529 quod
711 1454 764 1513 vix
783 1454 937 1531 quingenti
958 1453 1090 1513 homiues

144 1548 235 1607 totius
255 1547 325 1606 unni
349 1547 443 1623 spatio
466 1551 646 1624 paraverant
688 1546 839 1606 Facillime
863 1566 897 1606 eo
920 1566 988 1607 vase
1010 1545 1091 1605 istud

145 1659 247 1717 rapum
260 1639 469 1699 continebatur.
513 1640 543 1699 N
545 1659 623 1699 onne
636 1639 692 1699 hoc
705 1640 852 1699 somnium
864 1640 1026 1699 mirabilius
1037 1639 1091 1697 illo

142 1732 323 1809 judicatisl”
363 1731 406 1792 Aa
415 1731 527 1805 tertius,
539 1734 590 1809 qui
603 1733 675 1792 baec
684 1733 772 1792 tacita
781 1734 939 1809 audiverat,
952 1737 971 1767 “
980 1732 1091 1804 Certe,'’

144 1827 250 1903 inquit,
267 1830 284 1859 “
293 1831 415 1901 uterque
428 1831 558 1885 vestrum
576 1845 638 1885 ram
650 1825 813 1884 mirabilem
826 1827 961 1898 manavit,
975 1844 1092 1903 panem-

144 1940 202 1998 que
215 1918 290 1980 bene
304 1918 418 1977 monuit.
460 1916 539 1977 Mihi
560 1922 658 1978 tamen
678 1918 791 1997 aliquid
807 1920 913 1979 mirum
925 1919 1023 1979 uisum
1037 1923 1088 1979 eal.

145 2013 223 2071 Nem
243 2012 276 2070 in
296 2030 397 2070 somno
420 2011 467 2090 (ut
486 2011 652 2089 videbatur)
677 2013 837 2073 esuriebam
845 2034 856 2089 ;
878 2033 983 2090 panem
1002 2013 1091 2091 igitur

145 2105 307 2166 devoravi”

439 2387 487 2455 55.
515 2371 800 2458 receptam

186 2563 224 2622 In
239 2581 273 2621 ea
286 2565 366 2638 parto
387 2560 564 2634 Britanniae,
579 2581 653 2638 quae
672 2563 710 2621 ad
740 2563 951 2640 septentriones
970 2571 1090 2644 spectat,

146 2659 218 2718 litus
244 2655 376 2731 undique
402 2653 526 2731 rupibus
552 2654 714 2732 asperrimis
748 2657 919 2718 continetur.
975 2659 1093 2720 Incolae

146 2752 244 2828 igitur,
259 2749 338 2826 quod
350 2747 395 2807 ibi
407 2747 517 2806 multae
532 2766 622 2808 neves
640 2748 823 2825 naufragium
835 2751 974 2826 feceruut,
989 2754 1092 2814 turrim

146 2844 325 2914 altissimam,
354 2859 428 2918 quae
461 2839 569 2917 pharus
602 2841 772 2918 appellatur,
800 2845 925 2919 quidam
955 2845 988 2904 iu
1021 2865 1093 2924 rupe

147 2938 377 2998 aedificaverunt
421 2933 506 2993 Hanc
520 2934 625 2994 turrim
637 2935 809 2995 habitabant
820 2956 910 2996 senex
922 2943 953 2997 et
965 2939 1026 2999 filie
1040 2960 1093 3000 aua

147 3049 244 3108 parva,
272 3029 325 3105 qui
351 3031 441 3086 noctu
466 3046 579 3104 semper
605 3028 800 3088 incendebant
826 3030 981 3108 lucernam,
1009 3034 1094 3110 eujus

147 3124 249 3184 lumen
271 3140 356 3198 saepe
375 3125 479 3180 nantas
498 3120 535 3179 de
558 3120 687 3198 periculo
706 3123 917 3198 praemonebat
959 3126 1004 3185 At
1022 3145 1094 3185 nou-

147 3235 299 3294 uuuquam
318 3215 364 3273 vis
384 3214 564 3290 tempestatis
583 3214 695 3274 laboras
713 3222 868 3276 nautarum
887 3225 1049 3295 exsuperat,
1064 3226 1095 3279 at

148 3311 233 3370 uaris
253 3307 358 3368 infelix
377 3313 429 3368 aut
448 3307 504 3366 sub
523 3307 611 3368 undis
630 3327 663 3368 sa
681 3311 795 3387 mergit,
815 3315 868 3370 aut
885 3311 1013 3390 scopulis
1032 3331 1095 3374 cru-

149 3404 263 3464 delibus
276 3401 436 3462 afflictatur.
