2409 3875
445 254 718 324 Traneletione.

427 593 477 675 69.
501 592 531 655 A
555 589 641 658 Cat’s
655 590 749 655 Paw.

153 760 258 838 Apicio
268 762 427 835 mercatori,
440 762 492 839 qui
503 760 619 838 Capuae
631 760 757 834 vivebat,
769 778 806 819 ex
817 757 951 836 Aegypto
965 757 1059 830 felem,

112 856 227 915 simiam
255 874 291 915 ex
319 855 414 933 Libya
447 875 516 915 suae
550 874 639 916 naves
672 857 947 932 transportaverunt.
996 851 1061 910 Hae

114 948 233 1025 quidem
270 948 379 1008 bestiae
419 948 475 1007 sub
516 953 592 1008 tecto
633 948 799 1008 mercatoris
839 945 1061 1008 concordissime

114 1041 263 1117 vivebant,
291 1042 378 1118 longe
405 1046 504 1101 tamen
530 1041 613 1101 aliud
633 1041 692 1100 fuit
715 1042 879 1118 utriusqus
900 1038 1057 1117 ingenium.

84 1154 87 1159 ·
114 1134 180 1207 Illa,
207 1138 311 1193 natura
338 1134 455 1209 tardior,
485 1153 620 1211 magnam
647 1134 708 1194 diei
740 1141 852 1211 partem
883 1130 1061 1205 dormiebat;

114 1226 193 1299 haec,
208 1226 335 1300 alacrior,
350 1226 485 1285 comitem
506 1225 643 1285 stolidam
663 1245 748 1303 saepe
768 1245 820 1303 per
836 1226 903 1302 joca
923 1223 1057 1284 vexabat

113 1320 202 1378 Forte
211 1318 334 1396 Apicius
345 1326 492 1378 castaneas
505 1318 663 1395 aliquando
673 1320 741 1395 igne
754 1318 889 1378 torrebat
932 1317 995 1375 Has
1008 1315 1061 1376 nbi

115 1413 196 1472 videt
222 1414 314 1486 simia,
337 1411 375 1472 ad
402 1413 499 1489 ignem
526 1412 647 1487 accedit,
670 1412 833 1489 avidisque
860 1410 952 1470 oculis
972 1428 1061 1469 nuces

115 1507 256 1566 observat.
298 1505 362 1565 Diu
381 1504 481 1565 haeret
500 1506 629 1580 incerta;
649 1505 750 1565 dulces
771 1522 945 1581 quemqnam
964 1503 1061 1579 frages

115 1598 245 1657 animum
266 1597 409 1670 alliciunt,
425 1598 555 1659 fervidus
568 1598 645 1676 ignia
658 1618 675 1657 a
688 1598 767 1658 furto
780 1598 913 1658 deterret.
955 1595 1060 1657 Subito

115 1690 312 1764 mantalam,
328 1710 401 1767 quae
415 1696 483 1751 ante
503 1692 600 1768 ignem
621 1710 699 1751 more
718 1709 772 1750 sno
791 1690 960 1763 dormiebat,
974 1689 1059 1766 rapit,

9 1862 10 1877 χ
116 1789 145 1842 et
171 1784 245 1860 pede
273 1785 336 1860 ejus
367 1789 515 1843 castaneae
548 1784 719 1861 singillatim
753 1802 791 1843 ex
823 1784 891 1860 igne
924 1782 1058 1843 detrahit.

116 1876 231 1937 Deinde
245 1877 315 1935 dum
330 1876 381 1937 illa
395 1896 500 1958 magno
513 1879 625 1958 gemitu
638 1897 734 1940 casum
746 1877 885 1958 deplorat,
896 1876 960 1957 ipsa
972 1894 1061 1934 nuces

116 1989 216 2030 secura
230 1971 355 2031 devorat
437 2043 439 2047 ,

364 2259 414 2325 70.
443 2243 473 2306 T
470 2242 509 2306 lte
523 2243 628 2326 Effeci
640 2245 683 2324 of
689 2265 711 2308 a
725 2243 808 2307 Falr

158 2411 236 2486 Indi,
259 2411 312 2489 qui
339 2430 403 2472 ores
429 2412 516 2470 maria
540 2412 674 2471 australis
695 2411 869 2486 incolebant,
891 2412 946 2471 etsi
969 2412 1062 2472 multe

117 2508 199 2563 erant
223 2508 253 2563 et
275 2523 353 2563 nova
376 2505 513 2563 animalia
533 2505 565 2564 in
589 2507 650 2564 suis
671 2505 789 2579 finibus,
811 2524 951 2582 equorum
972 2524 1062 2582 genus

118 2596 250 2657 nondum
274 2603 479 2674 cognoverunt.
523 2597 566 2656 Hi
585 2598 676 2675 igitur
695 2618 786 2675 quum
806 2599 933 2675 primum
951 2598 1063 2657 bellum

117 2694 268 2767 gesserunt
281 2709 347 2749 cum
362 2691 511 2768 Hispanis,
527 2691 579 2768 qui
592 2711 634 2773 ‚ex
653 2693 736 2768 equis
762 2687 933 2769 plerumque
956 2711 1064 2770 pagna·

117 2784 200 2857 bant,
215 2801 291 2842 novo
305 2784 467 2860 spectaculo
480 2802 568 2860 quam
581 2785 708 2844 maxime
721 2785 815 2844 territi
827 2788 904 2844 sunt
947 2784 1064 2862 Equum

118 2877 198 2936 enim
222 2895 288 2936 cum
313 2896 365 2936 suo
394 2878 491 2953 equits
517 2896 611 2937 unum
638 2878 746 2938 animal
773 2880 922 2957 putabant
965 2879 1065 2939 Primo

118 2971 232 3047 impetu
241 2970 317 3029 hanc
331 2969 370 3029 ob
383 2989 498 3029 cansam
511 2970 550 3030 ab
563 2971 711 3048 equitibus
724 2971 886 3048 perturbati
894 2976 972 3046 sunt,
982 2974 1065 3033 brevi

119 3069 227 3136 tamen,
242 3063 320 3140 quod
334 3064 433 3140 copiae
446 3082 515 3124 suas
534 3065 628 3124 multo
648 3065 746 3142 plnres
765 3069 856 3140 erant,
871 3065 1011 3142 proelium
1025 3085 1066 3125 re·

120 3157 275 3217 novabant.
319 3157 453 3233 Denique
470 3157 590 3233 quidam
610 3176 649 3216 ex
669 3157 819 3235 Hirpinis,
834 3159 918 3234 cujus
929 3176 1067 3235 ¹aquosa

119 3249 268 3309 funditore
281 3249 451 3310 vulneratus
464 3255 619 3329 estsuper
631 3256 719 3328 caput
732 3251 866 3327 animalis
886 3252 993 3313 effusus
1013 3259 1063 3314 est

119 3343 151 3401 Is
165 3342 254 3418 igitur
274 3341 361 3418 pedes
381 3342 537 3418 pugnabat.
580 3342 624 3402 At
644 3342 722 3416 Indi,
737 3343 790 3402 ubi
811 3362 848 3403 ex
868 3363 927 3403 uno
948 3345 1067 3404 animali

120 3434 193 3493 dnos
207 3433 304 3493 hostes
317 3433 464 3507 viderunt,
480 3436 626 3512 perterriti
640 3439 720 3511 terga
733 3440 889 3496 verterunt
