2409 3875
409 661 477 728 137.
507 645 573 709 Tlte
586 645 879 727 Praetorpuaaled.

207 831 232 892 F
233 835 293 891 orte
307 833 397 890 nauta
410 829 538 906 qnidam,
553 828 606 905 qni
619 847 704 888 mane
718 829 755 887 ad
769 847 873 888 nevam
886 847 968 889 suam
988 829 1113 904 redibat,

167 922 335 1001 imprudens
349 922 470 981 cadaver
483 940 535 981 suo
552 921 626 998 pede
646 920 794 997 percussit
840 920 898 980 Hic
918 927 1024 995 autem,
1040 922 1115 982 dum

166 1017 306 1077 attonitus
326 1034 429 1092 corpus
450 1015 592 1088 observat,
608 1013 687 1091 quod
707 1015 739 1072 vi
759 1015 834 1073 ictus
855 1014 1002 1092 dejectum
1026 1015 1114 1074 humi

162 1110 286 1186 jacebat,
302 1128 320 1167 a
332 1107 484 1167 lictoribus
497 1107 577 1184 apud
590 1107 756 1166 Praetorem
770 1107 924 1166 Urbanum
938 1101 1043 1166 duetus
1056 1114 1110 1166 est.

166 1203 232 1278 Qui,
248 1206 400 1279 postquam
414 1220 529 1260 causam
543 1200 645 1274 audiit,
662 1204 781 1258 nautam
801 1201 893 1260 securi
913 1200 993 1260 feriri
1009 1201 1108 1276 jussit.

165 1297 239 1356 Inde
251 1296 321 1354 dum
335 1294 452 1354 lictores
465 1295 589 1354 securim
603 1299 720 1368 acuunt,
736 1313 752 1353 e
766 1293 851 1353 turbe
862 1293 1112 1352 circumstantium

165 1390 285 1449 exsiluit
318 1393 465 1462 mercator,
494 1406 687 1465 poenam-que
720 1391 825 1446 nautae
854 1387 911 1445 sibi
937 1387 1107 1448 vindicavit.

164 1484 283 1542 Praetor
303 1483 399 1560 igitur,
422 1482 478 1540 etsi
497 1482 607 1540 virtute
627 1480 755 1540 hominis
776 1480 936 1540 delectatus
956 1486 1008 1553 est,
1030 1481 1110 1557 quod

164 1577 255 1654 legem
276 1577 420 1654 negligere
446 1574 551 1650 noluit,
573 1579 693 1634 nautam
713 1594 729 1632 e
749 1565 877 1634 vinculis
895 1575 985 1633 eximi
1004 1593 1111 1634 merca·

163 1676 322 1746 torem-qne
332 1669 369 1728 ad
383 1668 481 1746 palum
495 1668 616 1745 deligari
626 1659 722 1744 jussit.
765 1665 809 1724 At
822 1667 907 1726 lictor
920 1666 973 1725 ubi
986 1669 1109 1728 securim

164 1764 200 1822 ad
211 1763 386 1839 supplicium
398 1761 572 1820 sumendum
583 1759 747 1834 sustulerat,
760 1759 858 1818 subito
869 1759 991 1818 clamore
1002 1766 1107 1836 motus,

163 1855 254 1912 ictum
268 1854 429 1913 intermisit

444 2196 511 2273 138.
534 2192 685 2277 Brouglzt
698 2204 729 2257 to
743 2194 828 2275 Life.

205 2378 279 2438 Inde
293 2378 423 2438 medicus
436 2382 595 2454 sartorque
610 2376 697 2436 simul
710 2376 809 2452 locuti,
824 2396 854 2437 se
868 2378 980 2438 sceleris
990 2380 1107 2440 admissi

164 2475 378 2531 accusaverunt
422 2469 508 2545 Quod
527 2469 579 2528 ubi
599 2470 694 2529 audiit
714 2469 841 2545 Praetor,
859 2476 951 2531 totam
971 2491 1031 2531 rem
1050 2474 1107 2533 sibi

163 2564 273 2624 narrari
296 2563 393 2639 jussit.
435 2562 483 2622 De
510 2567 568 2639 qua
594 2562 698 2621 certior
723 2562 826 2637 factus,
855 2564 933 2639 quod
959 2584 1019 2623 rem
1048 2570 1106 2625 tam

163 2656 356 2733 multiplicem
370 2656 513 2733 explicare
526 2673 588 2715 non
601 2658 722 2732 poterat,
739 2673 838 2714 omnes
851 2656 929 2732 apud
942 2656 1106 2733 Augustum

163 2749 241 2810 trahi
255 2749 351 2826 jussit
394 2748 545 2825 Augustus
558 2748 656 2825 igitur,
671 2766 709 2806 ne
722 2766 780 2825 qno
795 2767 887 2807 errore
901 2748 1056 2824 falleretur,
1071 2772 1106 2811 ex

163 2844 224 2903 suis
243 2842 371 2915 medicis,
392 2860 478 2917 quem
499 2841 708 2918 peritissimum
732 2840 860 2915 haberet,
881 2844 985 2902 ercessi
1008 2846 1102 2921 jussit

164 2938 222 2997 Hic
235 2940 341 3008 antem,
353 2954 457 3011 eorpus
471 2934 603 2994 tibicinis
617 2933 772 3011 diligenter
785 2940 937 3008 scrutatus,
949 2955 1001 2996 nuo
1016 2938 1105 3014 digito

164 3052 196 3091 os
210 3051 247 3090 ex
257 3033 375 3106 gutture
385 3029 443 3088 viri
452 3029 570 3088 tandem
581 3028 717 3086 extraxit.
760 3028 835 3087 Inde
844 3048 896 3101 res,
906 3030 981 3088 mihi
990 3031 1104 3107 quidem

162 3123 242 3183 haud
263 3120 417 3195 credibilis,
433 3122 562 3181 evenisse
583 3120 698 3181 dicitur.
741 3120 863 3180 Tibicen
884 3123 970 3195 enim,
986 3122 1038 3199 qui
1057 3144 1106 3201 per

162 3219 217 3277 hoc
241 3234 325 3275 omne
349 3219 464 3291 tempus
486 3217 617 3272 mortuus
641 3213 885 3289 emendabatur,
908 3214 1020 3291 ingenti
1038 3236 1105 3276 cum

161 3310 271 3386 gemitu
284 3307 414 3365 animum
428 3306 545 3382 recepit,
556 3323 723 3381 omnesque
737 3305 810 3365 falso
824 3306 920 3365 caedis
933 3307 1053 3367 crimine
1066 3309 1105 3367 ite

162 3399 303 3460 liberavit.
