2409 3875
444 211 718 281 mannariora.

294 538 441 603 PIECES
461 539 543 602 FOR
562 538 862 602 TRANSLATION.

146 680 214 747 Tha
228 680 392 767 following
406 688 462 747 ten
476 682 581 767 pieoea
598 682 724 766 require
738 702 758 746 a
771 678 958 767 knowledge
976 679 1051 745 ol-

185 810 230 893 (a)
251 812 441 891 Comparieon
454 814 489 874 oi
498 814 669 891 Adjeotivee
683 811 859 893 (Irregular).

184 927 227 1006 (b)
249 928 415 988 Indioative
468 929 590 989 Paeeivo
617 930 651 988 of
671 929 723 989 the
749 928 843 989 Thnd
861 926 921 988 and
938 927 1049 988 Fourth

248 930 460 1101 Imperative}
509 1021 728 1101 Oonjugationa

353 1219 404 1280 61.
434 1216 464 1279 T
460 1215 499 1281 lte
518 1216 604 1323 Ugly
619 1216 793 1301 Duckling.

144 1368 262 1447 Ingenti
273 1369 430 1447 aliquando
438 1370 543 1448 gaudio
551 1370 772 1447 complebantur
780 1369 891 1429 inoolao
899 1369 1048 1447 cujnadam

104 1461 198 1537 fundi,
208 1462 317 1541 gallina
325 1463 404 1522 enim
414 1482 452 1522 ex
460 1464 524 1523 ovio
533 1462 631 1541 pullos
640 1482 733 1541 nuper
743 1462 911 1523 excluserat
948 1464 1050 1523 Unum

103 1561 201 1617 tamen
215 1576 252 1616 ex
265 1556 337 1630 ovis,
349 1554 428 1633 quod
441 1556 579 1634 grandius
595 1566 657 1620 erat
677 1556 787 1631 cetaria,
798 1555 894 1616 adhue
905 1557 1051 1634 integrum

103 1648 246 1709 manebat
283 1649 358 1709 Tum
372 1668 455 1726 pavo,
466 1648 518 1725 qui
531 1649 676 1708 maximus
689 1654 762 1709 notu
775 1654 836 1709 erat
849 1648 990 1723 omnium,
1003 1649 1051 1709 hie

102 1742 200 1802 verbio
236 1741 376 1818 gallinam
416 1741 561 1802 admouet.
619 1747 639 1775 ‘⁴
647 1742 716 1801 Jam
755 1741 826 1802 ntia
863 1741 1051 1819 laboraviati3

103 1835 222 1894 tandem
235 1834 342 1893 inutile
361 1834 442 1894 ietud
462 1854 552 1894 ovum
572 1833 697 1895 deoera”
738 1833 782 1893 At
794 1834 903 1911 gallina
915 1836 1050 1913 pertinax

103 1928 259 1989 eonsilium
272 1928 395 2006 panonia
408 1947 469 1988 non
482 1929 574 2002 audit,
591 1929 766 2007 multoeque
781 1928 851 1989 inde
864 1929 928 1989 diae
940 1929 974 1989 in
986 1930 1050 1991 loco

102 2028 208 2083 manet
251 2021 388 2099 Denique
407 2026 476 2100 poet
495 2028 613 2082 tautum
630 2023 758 2082 laborem
771 2023 848 2100 parit
860 2023 985 2101 pullum,
999 2023 1051 2101 qui

102 2125 228 2178 caeteros
238 2115 441 2194 magnitudine
451 2116 571 2193 quidem
581 2117 708 2193 eorporis
718 2119 880 2195 superabat,
891 2118 944 2178 aed
956 2121 1050 2196 epooie

103 2218 133 2273 et
156 2214 249 2273 forma
272 2213 357 2290 longe
376 2211 497 2271 inferior
516 2211 671 2272 videbatur
680 2233 689 2287 ς
712 2232 781 2273 nam
801 2219 884 2274 erant
903 2215 932 2274 ei
950 2220 1050 2294 turpea

102 2307 199 2385 pedae,
214 2306 342 2367 deforme
355 2325 467 2385 eorpus,
482 2305 592 2366 oollum
605 2309 763 2385 procerum.

247 2576 299 2640 62.
327 2574 394 2640 The
413 2573 498 2658 Ugly
512 2571 683 2660 Duckling
695 2573 899 2660 (continued).

144 2737 205 2798 Diu
231 2737 263 2795 in
292 2735 347 2796 hoo
373 2735 466 2796 fundo
494 2735 640 2796 anaticula
666 2736 761 2813 turpia
785 2737 876 2798 vitam
903 2739 1049 2801 infelicem

102 2830 223 2907 agebat3
250 2847 336 2889 nemo
360 2829 440 2889 onim
464 2829 492 2888 ei
514 2829 640 2889 favebat
684 2829 819 2890 Gallinae
841 2833 960 2908 quidem
983 2855 1049 2894 eum

102 2923 265 3002 pavonibus
278 2923 412 2982 mineram
424 2921 572 2982 volueram
591 2922 776 2999 spernebant,
790 2926 869 3001 quod
891 2945 995 3003 aquam
1008 2929 1050 2988 ita

103 3015 219 3077 amavit
262 3015 373 3088 Anium
393 3019 491 3075 autom
511 3019 541 3074 et
561 3034 675 3075 anaeree
694 3016 776 3076 duria
796 3018 896 3077 roetrie
907 3019 1049 3082 advenam

103 3111 156 3169 aira
168 3111 243 3186 aqui
256 3107 448 3185 depellebant
492 3107 622 3166 Tandem
642 3114 751 3168 maeata
766 3113 796 3168 et
809 3109 1050 3173 infelixafundo

103 3203 136 3262 in
166 3202 262 3263 looum
295 3202 442 3262 desertum
475 3201 585 3278 effugit,
615 3205 673 3278 qua
705 3202 767 3262 oola
799 3208 892 3264 totam
924 3205 1050 3267 hiemem
1086 3231 1093 3242 ·

103 3297 261 3358 habitabat.
303 3296 347 3355 At
360 3315 427 3358 vore
447 3314 525 3356 novo
541 3295 579 3355 ad
592 3295 689 3356 laeum
702 3297 830 3372 advinit,
845 3299 877 3357 in
891 3319 950 3376 quo
963 3301 1049 3362 multi

2 3415 3 3428 *
103 3392 191 3468 cygni
210 3390 356 3454 natabant.
400 3388 458 3448 Hir
481 3389 540 3449 duo
563 3389 647 3467 pueri
670 3390 763 3450 innata
785 3392 869 3471 panio
888 3393 1044 3470 jactabant
