2409 3875
483 243 756 309 Translationa

350 634 416 699 147.
447 617 512 681 Tae
526 618 651 682 Attack
665 639 705 680 on
721 617 772 680 tlte
790 617 900 683 Castle.

188 785 341 862 Spartacus
360 785 431 844 elim
458 786 594 863 princeps
622 805 721 845 aarum
748 785 887 861 gentium,
915 805 989 862 quae
1016 792 1098 845 trans

147 878 284 937 Rhenum
318 878 499 950 habitabant,
528 897 664 954 magnam
698 878 802 936 turrim
837 876 918 936 haud
951 877 1053 954 procul
1079 897 1098 936 a

146 971 265 1029 flumine
279 971 486 1030 aedificaverat
530 971 607 1029 Inde
625 989 691 1028 eum
712 971 772 1029 suis
793 969 937 1027 militibus
956 970 1097 1045 plurimas

146 1064 325 1122 incursiones
349 1065 381 1122 in
405 1083 487 1140 agree
506 1064 647 1122 finitimos
667 1063 761 1140 facere
781 1062 885 1121 solitus
906 1067 957 1133 est,
979 1068 1014 1120 ut
1033 1063 1097 1139 igni

145 1157 288 1232 ferroque
302 1156 399 1233 emnia
413 1160 545 1215 vastaret
589 1156 685 1230 Quam
699 1155 737 1214 ob
755 1175 815 1214 rem
836 1173 974 1230 magnum
992 1154 1095 1212 ‘odium

147 1247 307 1306 incolarum
331 1247 412 1306 urbis
435 1247 578 1306 finitimae
600 1251 772 1323 susceperat.
816 1247 859 1305 Hi
880 1247 977 1322 igitur,
1002 1265 1095 1323 quum

146 1341 267 1416 injurias
290 1340 370 1398 illins
394 1359 455 1399 non
478 1341 592 1400 diutius
612 1339 733 1398 tolerare
755 1344 882 1415 possent,
908 1340 1037 1397 universi
1062 1341 1095 1398 in

146 1451 243 1491 muros
262 1433 404 1508 impetum
418 1433 556 1492 fecenunt
598 1433 664 1492 Diu
684 1437 714 1492 et
733 1433 837 1491 aeriter
857 1438 1020 1508 pugnatum
1040 1438 1091 1493 est

146 1526 274 1584 Tandem
285 1527 429 1603 princeps,
444 1527 524 1602 quod
538 1530 703 1585 commeatu
717 1527 837 1585 omniuo
851 1526 1026 1585 interclusus
1040 1532 1092 1599 est,

146 1619 254 1694 legates
274 1619 313 1676 ad
333 1637 381 1677 eos
405 1619 442 1677 de
466 1619 615 1677 deditione
638 1618 726 1678 misit
772 1619 869 1693 Quum
893 1623 991 1678 tamen
1016 1619 1094 1679 cives

146 1711 213 1770 irati
233 1730 334 1787 pacem
354 1711 422 1770 dare
442 1712 553 1770 vellent
567 1717 600 1770 ea
621 1713 708 1771 modo
729 1712 904 1785 conditione,
918 1717 953 1770 nt
973 1712 1035 1789 ipse
1056 1714 1094 1772 ad

147 1803 323 1880 supplicium
336 1804 506 1879 traderetur,
520 1805 618 1879 ignem
633 1805 706 1864 turri
720 1805 874 1866 admovere
887 1805 1048 1879 const'tuit‚
1064 1810 1094 1865 et

146 1914 207 1957 sese
221 1915 339 1974 suaque
353 1897 450 1956 omnia
463 1898 599 1960 incendio
613 1916 789 1959 consumere.

237 2230 304 2309 148.
332 2229 363 2292 T
359 2227 399 2291 lte
417 2229 539 2293 Attack
553 2250 593 2293 on
617 2229 668 2293 tlte
686 2228 792 2295 Castle
805 2228 1010 2314 (continued).

187 2401 272 2477 Quod
287 2402 339 2460 ubi
353 2402 489 2478 cognovit
503 2420 577 2460 uxor
598 2400 738 2478 Spartaci,
753 2401 862 2461 femina
883 2421 1012 2461 summae
1029 2423 1094 2463 con-

146 2494 277 2566 stantiae,
299 2493 361 2553 sola
384 2493 496 2553 vallum
523 2494 676 2557 escendere
702 2512 771 2553 ansa
795 2500 839 2555 est
866 2514 932 2553 cum
960 2496 1095 2559 hostibus

146 2586 331 2663 colloquendi
356 2591 450 2645 causa
496 2586 650 2660 “Nolite”
678 2587 784 2663 inquit,
808 2587 914 2647 “aives
933 2589 1093 2664 victoriam,

146 2699 234 2757 qnam
247 2680 453 2755 reportavistia,
469 2679 551 2738 clade
565 2680 690 2739 feminae
704 2679 856 2739 defamata.
900 2680 978 2740 Mihi
992 2682 1094 2742 saltem

146 2772 231 2831 liceat
245 2791 261 2830 e
275 2772 347 2829 turri
361 2771 507 2829 discedere
524 2790 591 2830 cnm
612 2790 645 2830 ee
667 2772 761 2844 modo,
776 2772 856 2848 quod
874 2774 946 2832 meis
966 2773 1096 2835 humeris

146 2869 258 2940 portare
282 2863 417 2940 pessim.”
458 2864 536 2923 Inde
560 2864 647 2939 cives,
668 2864 748 2941 quod
768 2866 805 2925 ab
825 2865 877 2925 illa
897 2865 990 2925 multa
1010 2867 1096 2928 bene·

147 2958 212 3016 ficia
238 2962 414 3033 acceperant,
436 2957 477 3033 id,
502 2956 582 3034 qnod
609 2958 706 3035 petiit,
730 2957 856 3017 libenter
883 2968 1092 3023 concesserunt

147 3050 235 3109 Brevi
248 3054 354 3123 autem,
367 3050 438 3109 dum
452 3069 552 3109 omnes
562 3050 723 3110 adventum
734 3052 797 3127 ejus
808 3056 971 3128 expectant,
984 3072 1001 3111 a
1012 3060 1096 3130 porta

147 3142 289 3220 patefacta
303 3142 421 3219 egressi,
436 3143 547 3202 femina
559 3143 644 3202 fortis
658 3143 696 3202 ad
712 3148 806 3203 castra
824 3145 955 3204 hostium
975 3149 1095 3206 accessit

147 3255 213 3294 cum
240 3237 370 3311 conjuge,
400 3255 486 3311 quem
514 3236 546 3295 in
574 3236 711 3295 humeros
737 3236 923 3296 sublevatum
949 3239 1091 3315 portabat.

148 3326 222 3384 Inde
242 3327 320 3386 cives
341 3326 479 3386 virtutun
500 3327 627 3386 feminae
647 3328 754 3401 mirati,
775 3329 855 3405 qnod
879 3329 968 3388 fidem
995 3330 1095 3391 datam

147 3415 255 3474 violare
270 3416 436 3492 noluerunt,
453 3422 483 3476 et
497 3418 615 3494 conjugi
630 3422 659 3477 et
673 3420 757 3477 uxori
771 3425 967 3496 pepercerunt
