2409 3875
481 249 758 318 Trandationu

332 524 402 588 128.
428 523 462 586 Τ
455 523 495 587 lte
509 523 755 588 Subterramn
766 524 922 607 Pasage.

189 674 285 736 Sinon
303 675 388 735 divae
409 677 453 734 in
470 675 575 749 {actua
599 675 681 752 quod
703 675 823 734 domum
846 675 886 736 ud
908 695 977 737 auco
1003 677 1100 738 redire

147 768 252 843 voluit,
266 773 370 828 nectua
388 768 529 828 idoneum
547 773 665 845 tempus
684 768 723 826 ad
742 768 950 845 navigandum,
971 790 988 829 e
1009 776 1099 848 portu

148 862 244 923 coluit„
286 863 331 922 At
350 882 458 940 paucos
478 868 546 939 pout
566 862 631 920 dieo
652 869 749 920 coorta
769 868 815 920 est
835 865 1004 922 caevimima
1024 869 1099 923 tem-

148 961 253 1032 petas,
266 957 352 1032 cujus
364 955 505 1015 violentia
517 957 611 1028 navic,
624 955 664 1013 ud
682 955 817 1033 scopulos
836 957 968 1034 appulsa,
983 959 1099 1015 naufra-

148 1051 230 1126 gium
243 1050 320 1110 fecit
363 1049 429 1108 Hoc
442 1050 477 1108 in
488 1049 554 1107 loco
566 1055 665 1107 aestus
678 1067 730 1125 per
749 1048 827 1107 latua
840 1050 948 1108 montio
962 1069 1099 1127 praeruo

149 1151 213 1202 tum
226 1143 309 1203 nlveo
322 1143 402 1202 hund
414 1144 457 1201 ita
469 1161 575 1218 magno
584 1142 715 1199 fluminio
725 1142 812 1200 modo
820 1142 958 1202 volvitur.
1002 1141 1098 1202 Sinon

149 1238 336 1313 comitesque
358 1236 521 1313 complures
544 1235 609 1293 dieo
630 1235 665 1293 in
687 1239 811 1310 angusta
833 1254 906 1311 rupo
929 1236 1096 1308 manabant,

149 1329 229 1407 qnod
247 1329 318 1387 hinc
335 1330 381 1388 via
398 1328 542 1387 fluctuum
560 1347 610 1386 eoa
629 1327 710 1386 abiro
729 1327 890 1403 prohibuit,
908 1328 991 1387 illinc
1012 1347 1097 1387 mone

149 1423 308 1483 nltiaoimua
329 1422 414 1480 nullo
437 1421 524 1479 modo
547 1420 666 1478 nocendi
688 1421 792 1496 potuit„
834 1419 964 1478 Tandem
991 1419 1095 1494 Sinon,

149 1521 304 1594 postquam
316 1534 436 1592 parvam
447 1520 539 1572 ratem
552 1533 569 1572 a
581 1513 714 1571 nabibus
727 1513 812 1571 navia
824 1512 942 1584 fecorat,
955 1514 1020 1572 sine
1034 1514 1097 1572 ullo

149 1611 255 1670 comite
273 1629 305 1668 oo
324 1608 506 1666 committere
525 1624 613 1665 ausus
632 1611 678 1664 eat
696 1604 821 1679 flumini,
835 1606 917 1682 quod
932 1607 989 1665 cub
1002 1608 1097 1666 imum

149 1707 278 1763 montem
301 1700 436 1762 volutum
463 1704 514 1759 eet
557 1698 634 1756 Inde
660 1717 712 1774 per
737 1699 802 1756 vias
828 1698 957 1758 occultas
982 1704 1097 1759 summa

149 1797 295 1856 celeritate
308 1798 418 1867 vocina,
432 1791 513 1869 quod
524 1810 580 1850 nec
593 1792 650 1850 iter
661 1790 763 1850 videm
775 1810 830 1850 neo
843 1811 961 1850 cursum
974 1792 1097 1868 dirigam

150 1895 271 1969 poterat,
281 1887 380 1949 laboro
392 1891 423 1946 et
436 1885 568 1946 excubiis
581 1885 720 1959 defessus,
731 1885 813 1963 gravi
826 1903 928 1945 somno
942 1903 1097 1964 oppressus

151 1990 202 2045 eota

457 2178 524 2243 129.
547 2160 655 2224 Home
667 2171 706 2223 at
718 2160 791 2223 last.

192 2320 258 2395 Quo
270 2335 372 2377 comno
386 2314 480 2376 Sinon
493 2331 655 2389 oppresus,
665 2311 739 2369 duos
749 2310 811 2369 dies
825 2311 907 2369 omni
920 2330 1008 2371 sensu
1022 2332 1097 2372 oure·

152 2415 204 2474 bat
210 2434 221 2489 3
248 2412 335 2471 tertio
356 2414 456 2469 tamen
478 2407 534 2480 die,
560 2406 613 2464 ubi
636 2405 768 2463 animum
789 2404 842 2461 vix
864 2405 981 2480 recepit,
1005 2404 1097 2465 solem

151 2508 245 2567 lactus
264 2504 394 2581 aspexit:
415 2502 486 2561 ratio
506 2499 593 2571 anim,
609 2498 681 2557 dum
700 2499 764 2574 ipsc
780 2498 896 2571 dormit,
912 2498 968 2556 iter
987 2500 1097 2575 pericu.

151 2602 244 2661 losum
266 2597 434 2668 confecerat,
449 2598 479 2653 et
492 2593 524 2653 vi
536 2591 667 2651 fluminis
680 2596 764 2651 vecta
785 2591 823 2649 ad
843 2591 985 2668 oppidum
1005 2594 1097 2669 quod-

153 2696 228 2769 dam,
256 2694 289 2751 in
314 2691 378 2767 ripa
404 2688 540 2765 positum,
569 2684 733 2743 advenerau
785 2682 901 2742 Deinde
928 2684 1015 2760 cives,
1044 2686 1098 2745 tali
1199 2686 1200 2693 ’

152 2787 290 2848 miraculo
312 2782 438 2855 attoniti,
464 2779 605 2839 Sinonem
632 2776 671 2835 ad
697 2796 794 2854 regem
824 2796 910 2835 auum
937 2776 1094 2839 duxerunt

153 2883 219 2954 Hic,
235 2884 388 2956 postquam
407 2894 468 2933 rem
488 2891 604 2931 omnem
621 2871 766 2948 cognovit,
781 2870 860 2947 quod
873 2875 957 2929 tanta
970 2872 1097 2948 pericula

152 2976 307 3055 plusquam
336 2970 465 3028 humana
490 2966 675 3038 videbantur,
705 2964 817 3039 Sinoni,
846 2964 966 3022 honoria
1000 2970 1094 3039 causa,

153 3068 275 3148 pallium
288 3081 463 3143 purpureum
478 3076 660 3134 auream-quo
674 3074 807 3114 coronam
824 3055 887 3114 dari
904 3058 1001 3133 jussit,
1018 3058 1098 3117 navi-

152 3183 210 3241 que
223 3159 334 3237 egregii
347 3154 475 3214 donaviu
519 3150 594 3209 Inda
607 3149 710 3221 Sinon,
721 3148 857 3208 secundis
866 3151 964 3209 ventio
977 3149 1097 3210 domum

153 3257 298 3324 advectus,
327 3250 404 3308 inter
429 3246 537 3305 amicoo
569 3243 816 3320 propinquoequc
846 3241 991 3319 reliquum
1018 3245 1097 3304 vitae

152 3350 279 3427 epatium
292 3339 449 3418 tranquilla
462 3337 582 3416 peragit,
593 3354 647 3394 neo
661 3334 723 3392 ullo
737 3334 864 3411 periculo
879 3336 999 3412 posthac
1013 3356 1097 3397 vexa·

151 3452 200 3503 tuo
213 3444 264 3500 <aa
