2409 3875
440 231 714 301 Traneletione.

267 484 269 489 Ι
326 527 393 591 113.
416 510 448 575 Α
474 508 608 573 Traitcr
623 518 653 573 tc
668 507 721 571 lu's
735 507 775 571 K
776 507 841 589 ing.

147 644 255 707 Darius
268 647 339 707 olim
353 666 404 707 rex
414 646 569 706 Persarum
578 645 611 703 in
623 644 714 704 silvae
723 662 791 701 cum
800 642 1056 719 megndncbilium

107 744 223 801 caterve
236 746 375 801 venatum
388 741 490 800 iverat
532 737 638 798 Subito
652 740 721 795 ante
731 736 829 795 ocules
839 737 971 794 emnium
981 755 1056 795 unus

107 852 145 893 ex
176 834 362 910 accipitribus
392 833 484 909 regiis,
514 832 566 907 qui
593 829 758 889 columbam
786 829 966 905 sequebatur,
995 830 1056 906 ipse

107 922 146 985 ab
160 919 266 1000 aquila,
282 940 352 999 rege
365 919 476 994 avium,
491 929 681 1000 oppugnatus
695 928 747 983 est
796 921 853 980 Ille
879 927 977 980 autem
1003 941 1056 981 nec

108 1015 220 1074 viribus
248 1034 302 1074 nec
330 1016 480 1091 majestate
511 1014 603 1073 hostie
631 1013 824 1091 perturbatus,
853 1017 883 1072 et
909 1019 1001 1073 restro
1027 1018 1057 1072 et

108 1108 256 1185 unguibus
285 1128 346 1167 sese
378 1127 465 1185 quam
498 1107 657 1166 fortissime
688 1106 870 1166 defendebat.
926 1106 1056 1165 Tandem

108 1200 213 1278 aquila,
235 1200 314 1278 quod
334 1199 418 1259 nullo
438 1199 524 1259 medo
545 1198 698 1258 victoriam
717 1204 862 1276 reportare
883 1204 1002 1275 poterat,
1023 1200 1057 1258 in

108 1294 207 1370 fugem
220 1312 281 1353 sese
295 1292 383 1352 dedit
427 1292 503 1351 Inde
516 1311 567 1351 rex
581 1292 748 1369 accipitrem
767 1292 805 1351 ad
825 1311 856 1352 se
872 1292 941 1351 ferri
957 1294 1054 1369 jussit,

108 1386 264 1463 capitique
289 1385 368 1445 alitis
392 1402 507 1443 auream
528 1403 664 1443 coronam
687 1403 740 1461 pre
760 1388 843 1443 tanti
862 1385 972 1444 virtute
994 1386 1056 1463 ipse

107 1480 253 1557 imposuit
296 1479 413 1550 Deinde
423 1498 516 1537 unum
527 1497 564 1537 ex
578 1479 615 1536 iis
628 1479 719 1537 servis
732 1478 785 1555 qui
797 1478 951 1537 adstabant
964 1480 1055 1538 securi

105 1573 194 1649 jussit
220 1577 368 1650 percutere
395 1575 483 1647 ceput
510 1570 666 1648 proditorie
694 1570 780 1630 alitis
839 1571 924 1629 “Hic
951 1572 1054 1646 enim,”

105 1666 213 1741 inquit,
229 1666 356 1724 “centra
369 1682 455 1723 suum
475 1681 570 1741 regem
590 1662 706 1723 fortiter
725 1662 777 1721 sed
796 1662 887 1739 impie
903 1663 1055 1741 confligere

108 1775 195 1817 ausus
209 1756 279 1817 eet.”

242 1962 243 1966 ¹
279 1958 346 2021 114
369 1941 401 2004 A
419 1941 539 2005 Lesscn
555 1940 591 2004 in
609 1940 702 2005 Gccd
711 1940 882 2005 Manncrs.

147 2095 255 2154 Lucius
266 2093 357 2167 Celer,
369 2094 415 2153 vir
423 2095 541 2169 jocosus
551 2092 603 2152 sed
615 2110 727 2165 avarus,
739 2092 792 2169 qui
804 2093 945 2152 multaab
955 2094 1054 2155 amicis

107 2189 273 2266 accipiebat,
285 2185 367 2245 nullo
378 2205 495 2245 munere
506 2203 612 2260 serves,
623 2185 676 2262 qui
687 2185 763 2244 dona
772 2185 912 2262 ferebant,
924 2207 1054 2264 unquam

107 2282 235 2342 donavit.
278 2279 447 2357 Aliquando
468 2297 568 2338 servus
588 2279 717 2355 quidam,
738 2280 857 2339 nomine
875 2280 989 2358 Lyden,
1004 2283 1053 2341 do-

106 2394 187 2434 mum
199 2375 344 2450 ingressus
357 2373 394 2430 ad
409 2372 496 2449 pedes
516 2371 596 2430 avari
616 2371 724 2448 piscem
745 2371 792 2430 hie
804 2373 901 2432 verbis
921 2375 1050 2452 projecit,

107 2469 223 2527 “Hunc
251 2468 307 2527 tibi
333 2485 416 2525 meus
445 2465 582 2524 dominus
611 2465 731 2524 mittit.”
788 2467 897 2542 “Quid
927 2470 1056 2543 tamen,'’'

105 2559 254 2638 respondit
269 2559 359 2632 Celer,
377 2562 396 2592 “
404 2563 455 2617 tuo
469 2558 586 2635 ingenio
600 2556 741 2618 incultius
754 2578 816 2618 esse
829 2562 945 2637 potest?
985 2562 1050 2624 Ent

105 2653 161 2712 tibi
173 2671 267 2712 meam
284 2652 382 2711 sedem
401 2651 527 2710 concede
537 2673 546 2726 3
566 2670 636 2711 mcx
655 2670 703 2710 me
723 2653 863 2728 imitatus,
884 2660 937 2713 tuo
957 2655 1050 2716 officio

104 2745 208 2805 meiius
227 2745 310 2822 iungi
324 2745 458 2822 peterie.”
498 2744 574 2802 Tum
587 2743 672 2804 Celer
691 2744 798 2803 humili
818 2745 905 2806 vultu
924 2766 1048 2822 servum,

85 2887 87 2892 ,
104 2840 155 2915 qui
165 2840 228 2915 J'am
241 2838 333 2915 ipsius
346 2837 445 2897 sedem
464 2837 632 2914 occupebat,
647 2855 814 2914 aggressne3
836 2843 854 2872 “
862 2839 929 2914 Te,'’
942 2841 1048 2919 inquit,

106 2932 178 2991 “vir
191 2931 299 3008 optime
313 2949 394 2990 meus
411 2930 547 2989 deminus
568 2929 678 2990 salvere
695 2931 788 3006 jubet
832 2931 921 2991 Hunc
941 2934 1049 3010 piscem

104 3024 242 3097 emnium,
264 3042 337 3100 quos
357 3023 389 3082 in
410 3027 512 3099 stagno
532 3023 634 3099 pascit,
654 3022 886 3099 pinguissimum,
902 3030 932 3084 te
951 3031 1049 3086 tamen

104 3116 156 3175 vix
179 3116 308 3192 dignum,
323 3115 399 3174 deno
420 3116 497 3174 dat.’'
550 3114 645 3190 “At”
666 3116 815 3192 respondit
833 3117 947 3194 Lyden,
970 3122 1048 3180 “tue

105 3209 221 3268 dominc
245 3209 350 3285 gratias
373 3226 426 3284 age
449 3207 628 3285 habeeque5
655 3208 712 3267 tibi
736 3228 852 3286 quoque
877 3229 929 3287 pm
950 3212 1048 3272 labere

104 3303 176 3362 duos
195 3319 329 3361 nummos
343 3300 410 3359 dare
423 3301 455 3359 in
469 3301 566 3359 anime
580 3300 651 3360 est.”
692 3301 778 3376 Quod
792 3303 844 3362 ubi
857 3304 941 3363 audit
955 3305 1046 3380 Celer,

104 3396 160 3455 acri
173 3395 290 3470 ingenio
303 3394 379 3476 servi
393 3393 561 3462 delectatus,
577 3398 635 3452 tres
649 3412 784 3454 nummos
798 3396 824 3452 ei
839 3395 929 3456 dedit
