2409 3875
505 211 780 281 Translations.

352 436 495 499 PIECES
523 438 606 497 FOR
634 437 932 498 TRANSLATION.

420 570 487 616 111.
515 551 546 616 Τ
543 573 578 616 oo
586 550 675 635 good
686 573 708 615 a
722 551 868 632 Defence.
942 610 944 614 ,

211 669 295 731 Anus
309 669 458 747 quaedam,
478 689 552 747 quae
573 669 689 746 Capuae
709 668 870 741 habitabat,
891 669 1014 745 pallium
1027 669 1116 728 sibia

170 781 245 821 nuru
259 764 399 823 creditum
413 762 487 822 forte
501 762 631 822 sciderat
675 762 768 839 Cujus
788 762 861 820 iram
875 764 977 834 verita,
992 762 1114 838 pallium

169 855 289 915 scissum
313 856 389 915 inter
411 856 522 933 aliquas
542 860 638 915 vestes
661 856 788 932 integras
812 854 926 929 celavit,
948 874 1114 931 omnesque

170 948 268 1006 eodem
293 952 421 1025 tempore
445 967 513 1008 suae
535 948 625 1007 nurui
648 948 784 1007 reddidit
828 947 909 1007 Haec
933 954 1040 1021 autem,
1061 947 1114 1006 ubi

169 1040 299 1100 fraudem
322 1042 476 1120 perspexit,
498 1043 577 1118 quod
597 1042 630 1100 id
650 1041 773 1118 pallium
793 1041 914 1100 maximi
934 1040 1112 1112 aestimabat,

168 1134 211 1193 ira
224 1140 366 1193 commota
386 1153 500 1193 causam
520 1135 599 1211 apud
619 1134 734 1211 judices
754 1134 866 1211 agebat
907 1134 1076 1193 Temenus
1096 1153 1114 1191 a

165 1231 314 1307 judicibus
334 1232 515 1307 interrogata,
537 1232 681 1309 purgandi
705 1232 751 1290 sni
774 1235 867 1304 cansa,
888 1231 931 1289 ita
953 1230 1110 1308 respondit

170 1326 230 1388 “Si
250 1328 335 1406 aequi
355 1330 424 1388 estis
447 1329 570 1405 judiees,
595 1328 709 1388 nullam
730 1347 853 1406 poenam
873 1349 890 1388 a
910 1348 956 1387 me
976 1328 1112 1405 repetatis

168 1424 274 1485 multas
299 1426 336 1483 ob
362 1444 460 1484 causas
472 1446 482 1500 3
509 1417 637 1503 primum
660 1426 739 1484 enim
759 1426 876 1484 nullum
897 1425 1019 1501 pallium
1039 1423 1114 1482 mihi

168 1537 296 1594 unquam
310 1518 451 1577 creditum
464 1523 528 1593 est;
548 1518 693 1594 quomodo
707 1518 796 1594 igitur
816 1519 848 1576 id
868 1518 998 1577 scindere
1012 1518 1113 1595 potuit

168 1609 282 1667 Deinde
307 1628 397 1668 nurus
420 1629 484 1668 mea
504 1610 627 1686 pallium
651 1611 715 1686 ipsa
742 1610 874 1681 sciderat,
895 1615 1062 1688 antequam
1080 1610 1113 1669 id

166 1701 240 1759 mihi
250 1701 380 1759 credidit.
403 1700 552 1761 Postremo
563 1703 594 1760 id
606 1701 737 1778 pallium,
747 1703 826 1778 quod
834 1702 957 1774 reddidi,
967 1704 1112 1779 integrum

166 1795 231 1855 fuit
274 1794 381 1854 Nonne
392 1813 438 1852 me
449 1794 538 1871 igitur
550 1794 637 1854 laude
649 1795 810 1871 digniorem
821 1814 909 1873 quam
923 1800 1016 1873 poena
1026 1796 1113 1856 habe

165 1889 278 1950 bitist'’
319 1890 383 1950 Hac
397 1894 494 1950 tamen
508 1891 638 1951 oratione
652 1909 712 1964 usa,
720 1891 872 1968 judicibus
884 1909 945 1951 non
959 1894 1110 1969 persuasit.

440 2077 508 2126 112.
534 2059 638 2144 Chcap
657 2062 853 2144 Travellinga
968 2069 972 2076 '
1064 2108 1068 2115 ·

205 2181 318 2253 Timon,
333 2181 491 2252 Romanus,
505 2181 637 2239 honestis
653 2186 741 2240 natus
761 2181 937 2258 parentibus,
954 2181 1005 2258 qui
1026 2182 1112 2258 petri-

165 2274 256 2333 monii
279 2291 413 2350 magnam
440 2277 552 2350 partem
575 2273 705 2333 ludendo
729 2274 926 2347 devoraverat,
950 2273 1051 2350 procul
1074 2274 1111 2332 ab

166 2365 237 2424 urbe
249 2365 305 2424 iter
318 2365 448 2426 faciebat
493 2365 557 2440 Quo
578 2366 612 2424 in
631 2366 736 2425 itinere
756 2366 828 2425 dum
847 2385 926 2426 more
946 2385 999 2425 suo
1019 2366 1112 2425 aleam

165 2459 250 2530 ludit,
268 2458 380 2535 reliqua
399 2463 480 2536 parte
500 2459 640 2536 pecuniae
660 2459 801 2536 spoliatus
821 2464 871 2519 est
915 2459 991 2518 Tum
1011 2459 1045 2533 is,
1064 2459 1112 2517 cui

99 2577 102 2584 ·
165 2571 218 2612 neo
244 2557 394 2629 argentum
420 2571 474 2611 nec
502 2553 612 2612 amicus
639 2552 672 2611 in
698 2552 736 2611 iis
762 2551 834 2612 locis
859 2552 1004 2624 manebat,
1033 2551 1113 2629 quod

165 2645 277 2704 itineris
286 2645 431 2721 impensas
443 2644 554 2704 solvere
568 2663 629 2704 non
642 2649 763 2722 poterat,
776 2645 831 2704 hoc
845 2645 965 2704 consilio
976 2665 1045 2704 usus
1056 2650 1109 2704 est.

166 2739 298 2798 Pulveris
307 2739 426 2816 aliquid,
437 2739 515 2816 quod
524 2744 663 2817 coegerat,
679 2739 712 2796 in
725 2740 887 2816 complures
895 2744 990 2816 partes
1000 2740 1110 2815 divisit,

164 2833 197 2891 in
221 2832 327 2909 quibus
347 2832 532 2908 inscripserat
555 2831 739 2892 “Venenum
758 2832 797 2891 ad
817 2832 948 2891 eonsules
969 2833 1112 2893 necandos

166 2924 321 3004 paratum”
362 2924 441 2999 Quas
464 2924 517 2983 ubi
541 2924 681 2984 viderunt
704 2924 853 3001 agricolae,
874 2944 934 2983 rem
955 2924 992 2982 ad
1012 2925 1113 3001 magis·

165 3024 257 3079 tratus
271 3017 446 3092 detulerunt,
462 3017 515 3094 qui
527 3017 688 3090 Timonem,
703 3023 738 3076 ut
755 3017 938 3094 proditorem,
953 3017 992 3076 ad
1011 3019 1113 3077 urbem

111 3105 118 3118 ⁸
165 3110 282 3189 publico
309 3114 429 3186 sumptu
457 3128 545 3187 quam
575 3109 722 3168 celerrime
754 3112 912 3169 traxerunt
970 3108 1112 3170 Consules
1183 3115 1189 3126 '

164 3209 270 3277 autem,
298 3204 349 3282 qui
376 3222 523 3262 venenum
547 3206 608 3262 tam
630 3203 770 3262 innocens
794 3221 855 3262 non
878 3203 1031 3280 timebant,
1052 3223 1113 3264 non

164 3299 250 3358 modo
268 3317 335 3356 eum
355 3315 371 3355 e
391 3297 517 3355 vinculis
538 3296 745 3370 liberaverunt,
764 3295 817 3356 sed
837 3295 971 3356 fortunae
990 3296 1112 3356 miseriti

164 3392 262 3467 aliquo
275 3388 387 3466 argenti
401 3387 590 3448 donaverunt
