2409 3875
429 246 703 314 ‘translations
812 323 816 328 ,

407 521 457 600 85.
485 519 516 582 Τ
511 518 552 582 lte
564 480 735 586 Bearsicin.

136 671 267 733 Venator
279 670 408 750 quidam,
424 670 472 729 cni
485 670 563 730 nihil
576 675 637 729 erat
649 670 770 746 argenti,
780 669 910 749 Capuam
923 669 961 731 ad
974 691 1045 730 mor·
1106 657 1112 666 ⁵

98 769 221 826 catarcm
243 767 308 828 ivit
365 765 522 836 “Visne”
546 764 653 840 inquit,
684 767 804 824 “omero
830 783 912 824 ursao
939 765 1045 842 pellem

99 858 401 937 praestantissimam.”
463 857 647 932 “Maxime''
680 859 831 936 respondit
866 860 924 922 illa.
988 859 1046 920 Cui

98 960 226 1029 venator,
249 955 373 1014 “Hodie
392 953 513 1031 quidem
536 973 600 1013 eam
622 955 680 1014 tibi
705 955 804 1015 afferre
831 975 891 1016 non
917 975 1045 1034 possum,

99 1048 177 1125 quod
192 1047 325 1107 nondum
343 1066 441 1106 ursam
460 1046 601 1120 interfeci,
615 1053 646 1108 at
659 1047 759 1124 paucis
772 1048 876 1108 diebm
889 1043 1046 1128 cum'pcllo

99 1141 224 1202 redib0.''
276 1142 420 1199 Mercator
438 1145 546 1214 tamem
567 1140 620 1216 qui
644 1158 795 1217 nunquam
814 1142 903 1200 silvas
922 1143 1044 1216 viderat,

100 1253 159 1295 non
181 1235 269 1294 modo
292 1235 320 1292 ei
340 1232 468 1292 multum
487 1234 600 1309 argenti
619 1233 710 1307 dedit,
725 1235 777 1293 aad
796 1235 884 1294 etiam
904 1236 967 1312 ipso
980 1256 1047 1296 cum

100 1337 235 1392 venatore
245 1331 282 1390 ad
292 1330 389 1391 locum
398 1331 440 1390 iro
449 1330 609 1391 constituit
652 1329 715 1390 Ubi
729 1331 766 1389 ad
779 1331 883 1392 silvam
892 1338 1046 1410 venerunt,

100 1445 170 1485 mox
191 1426 285 1502 ipsam
306 1425 444 1483 viderunt
469 1442 575 1497 ursam,
599 1441 674 1499 quae
700 1423 783 1483 tardo
809 1443 908 1502 mesu
934 1426 972 1485 ad
999 1447 1048 1487 eos

100 1518 258 1578 innodabat.
299 1517 376 1576 Tum
395 1517 564 1594 perterritus
583 1516 714 1576 arborem
736 1517 866 1578 aseendit
888 1525 1048 1596 mercator;

100 1617 131 1672 at
150 1630 245 1671 comes
265 1611 380 1684 infelix,
394 1610 448 1686 qui
466 1609 566 1686 iugero
585 1628 647 1668 non
666 1614 787 1686 potarat,
802 1609 982 1686 quodannis
994 1613 1047 1672 im-

100 1705 217 1783 peditus
237 1709 289 1777 eet,
304 1703 427 1781 projecit
446 1722 477 1762 so
496 1703 530 1762 in
549 1707 663 1776 terram,
677 1707 868 1780 mortemque
887 1704 1045 1767 simulavit

101 1800 194 1860 Ursae
221 1799 308 1871 onim,
331 1798 388 1856 cisi
413 1796 548 1856 homines
568 1797 653 1856 vivos
680 1797 808 1857 maximi
828 1798 860 1858 vi
880 1817 1048 1876 oppugnare

100 1893 204 1968 solent,
225 1891 364 1952 oodamra
383 1896 501 1969 tangore
520 1889 634 1951 nolunt
682 1891 787 1969 Itaque
806 1910 874 1951 ursa
893 1897 1048 1971 postquam

101 2006 205 2047 nasum
217 1986 329 2063 corpori
342 1986 406 2062 ojus
419 1985 586 2044 admoverat
598 2000 685 2043 rauco
698 2004 765 2043 cum
774 1984 892 2044 fremitu
906 1985 1047 2047 discessit.

320 2254 323 2257 ⁴
405 2253 454 2316 86.
479 2251 748 2333 Seff-Restraint.

141 2408 309 2468 Valuomnt
321 2404 392 2465 olim
405 2403 541 2464 animalia
553 2423 664 2465 norum
677 2424 770 2465 creare
783 2426 886 2484 rogem,
901 2412 982 2485 qnod
994 2409 1049 2487 leo,

101 2503 154 2581 qui
174 2519 294 2578 regnum
314 2503 400 2559 antea
418 2498 626 2572 obtinuerat,'a
638 2503 775 2558 venatore
794 2500 920 2577 quodam
941 2502 1052 2561 occisus

102 2600 170 2656 crat.
213 2594 317 2670 Itaque
338 2597 415 2651 corto
436 2590 484 2649 dio
503 2591 615 2666 nmina,
629 2592 713 2668 cujus
730 2594 797 2670 joca
815 2595 917 2653 ceteris
936 2614 1052 2673 magno-
1181 2584 1183 2587 ’

103 2708 170 2767 pero
183 2685 345 2765 placebant,
356 2684 500 2761 suffragiis
510 2684 641 2743 omnium
654 2704 707 2743 rex
720 2690 832 2745 creatus
845 2691 896 2748 est
939 2688 1052 2765 Vulpes

103 2788 210 2853 tamen,
226 2778 274 2838 cui
295 2778 374 2837 simii
394 2794 473 2836 nova
493 2776 622 2853 dignitas
640 2777 762 2837 minimo
782 2784 862 2855 grata
877 2780 943 2856 init,
958 2800 1052 2857 rogem

102 2875 274 2935 submovere
301 2870 462 2931 constituit
521 2868 629 2929 “Veni
660 2870 812 2949 mecum,'’
839 2872 946 2949 inquit,
977 2877 1053 2935 “rex

102 2986 214 3045 magno,
229 2964 331 3026 inveni
353 2963 432 3023 onim
454 2961 510 3021 sub
529 2962 652 3040 antiqui
672 2982 779 3042 quercu
792 2965 920 3025 multum
933 2970 1054 3045 argenti,

103 3060 183 3139 quod
193 3061 260 3137 juro
273 3076 373 3135 regum
386 3056 443 3116 tibi
456 3056 607 3133 proprium
620 3056 690 3117 est''
731 3056 843 3117 Simius
857 3060 957 3119 statim
966 3062 1055 3138 J’ussit

103 3174 168 3214 eam
180 3153 220 3213 ad
231 3152 329 3212 locum
342 3169 373 3209 oo
387 3149 501 3224 ducere,
515 3150 690 3227 inciditque
702 3150 735 3209 in
748 3150 856 3228 plagas,
868 3170 941 3228 quas
954 3153 1057 3231 vulpes

103 3252 262 3327 parauerat
315 3243 390 3303 Tum
417 3243 559 3303 iliacum
586 3243 655 3317 risu,
684 3242 864 3319 “Quomodo
887 3249 923 3303 tu
950 3247 1056 3322 potes,'’

103 3341 211 3419 inquit,
240 3336 341 3397 “alios
368 3356 472 3414 regere,
498 3336 551 3414 qui
574 3353 612 3394 ne
636 3340 666 3394 to
692 3336 791 3413 ipsum
819 3336 938 3413 quidem
965 3356 1057 3415 regere

104 3434 231 3511 potosi''
