2409 3875
148 223 186 283 20
480 219 756 287 Translations.

146 414 358 491 mihi‚”inquit,
369 418 387 449 “
396 433 575 491 responsum,
587 434 604 474 o
615 414 758 491 praeclaro
772 413 859 475 Rosei
867 434 877 488 3
898 413 978 475 oanis
988 412 1089 473 diuitis

144 508 234 568 vieini
261 526 357 567 meum
383 526 484 584 agrum
517 508 649 582 intravit,
676 507 859 583 necavit-que
891 511 950 566 tres
983 506 1087 583 pullos

146 600 291 675 Quantam
304 605 338 659 tu
351 598 490 659 muletam
501 600 621 660 domino
632 600 712 659 aenis
725 599 852 678 imponis
860 598 891 657 Ψ
912 598 935 660 .“
947 594 1090 671 Quattuor

144 692 246 768 asses‚”
270 692 421 769 respondit
444 692 571 753 Roscius
617 692 692 751 “Da
715 691 790 751 mihi
809 690 901 768 igitur
920 690 1023 765 asses,”
1045 690 1089 750 vir

144 787 249 865 inquit,
273 790 367 845 “tuus
388 786 466 845 enim
487 787 567 844 cenis
587 790 649 845 erat
668 784 760 845 reus”
803 785 888 844 “Res
908 804 999 863 aequa
1019 782 1088 858 est,'’

143 882 247 939 iterum
266 878 416 955 respondit
434 878 565 954 Rosoius,
582 882 639 937 “et
652 877 778 937 libenter
792 878 848 938 tibi
869 883 993 957 quatuor
1012 895 1089 938 asses

144 974 225 1033 dabo.
267 972 310 1031 At
331 976 365 1031 tu
384 972 510 1048 primum
530 970 651 1030 numeri
669 971 744 1031 mihi
764 972 893 1050 quinquo
913 992 997 1047 esses,
1015 991 1088 1031 nun-

143 1084 230 1144 quam
244 1066 320 1126 enim
331 1065 533 1142 jurisconsulti
547 1065 611 1124 sine
625 1065 755 1125 mercede
768 1066 841 1128 dant
853 1065 1014 1145 responsa.”

400 1313 450 1361 22.
478 1296 544 1360 Tlte
567 1296 684 1381 Young
698 1295 834 1363 Shaver.

183 1432 317 1507 Glaucus,
343 1450 415 1510 puer
434 1431 614 1507 Corinthius,
636 1431 802 1491 adultorum
822 1432 975 1492 hominum
994 1437 1087 1493 moras

141 1546 252 1605 semper
278 1525 437 1600 induebat3
463 1542 531 1583 nam
559 1529 657 1602 togam
677 1524 791 1585 virilem
812 1525 901 1603 vulgo
921 1527 1038 1603 gerebat
1057 1532 1088 1588 et

141 1642 224 1701 saepe
237 1622 377 1683 tondebat
389 1621 492 1681 molles
501 1620 595 1697 genas
640 1621 793 1697 Quondam
804 1620 927 1682 intravit
937 1622 1087 1683 tabernam

140 1715 277 1795 praeclari
290 1715 422 1788 tonsoris,
437 1719 468 1773 et
479 1718 584 1791 magni
596 1733 667 1774 voce
679 1716 697 1747 “
705 1714 831 1789 Tond6,”
842 1712 948 1794 inquit,
966 1720 985 1751 “
994 1736 1086 1777 meam

139 1809 258 1870 barbam
281 1809 343 1868 sine
364 1807 469 1869 mitri!
510 1807 629 1882 Tonsor,
650 1808 697 1867 uir
713 1806 837 1885 jbeosus,
859 1815 943 1888 parat
962 1829 1085 1888 aquam;

139 1903 259 1964 obducit
284 1905 416 1962 mentum
446 1901 565 1978 juvenis
590 1904 694 1979 spumei
719 1901 804 1976 olbia3
837 1903 964 1964 cultrum
990 1904 1085 1980 eouit;

140 2002 282 2076 postremo
308 1995 392 2055 redit
417 1996 455 2054 sd
485 2000 607 2071 portam,
636 1995 791 2073 habetque
824 2001 986 2057 sermonem
1019 2016 1086 2058 eum

139 2091 246 2152 amieis.
288 2090 387 2148 Primo
407 2088 535 2149 Glaucus
548 2108 608 2148 rem
622 2089 767 2168 patienter
786 2088 928 2149 tolbrabat
937 2112 947 2166 ;
967 2091 1086 2150 tandem

139 2204 198 2246 non
211 2183 342 2244 eontinet
359 2183 439 2258 ham,
454 2183 505 2243 sed
525 2202 640 2243 oausam
660 2182 755 2243 mbrae
775 2182 944 2260 postulavit
989 2184 1085 2258 “At”

139 2277 287 2356 respondit
300 2277 418 2351 Tonsor,
435 2279 452 2309 “
461 2282 542 2336 tuem
556 2276 675 2336 barbam
689 2276 852 2353 exspreto.’'

411 2530 460 2596 23·
489 2512 555 2577 The
573 2512 677 2578 Green
694 2510 811 2580 Chaere.

177 2648 316 2709 Boeotius
330 2649 424 2709 viator
437 2649 507 2708 olim
526 2657 586 2708 una
604 2667 671 2708 oum
690 2647 844 2709 Corinthio
863 2652 893 2708 at
911 2647 1086 2710 Atheniensi

137 2747 225 2803 nootu
260 2743 437 2804 ambulabat.
494 2740 568 2802 Mox
601 2741 721 2800 comites
748 2741 787 2800 sd
816 2741 950 2819 rapidum
977 2743 1086 2802 flumen

137 2838 267 2900 veniunt.
312 2835 399 2895 Forte
426 2833 503 2894 altus
528 2851 602 2911 pons
626 2833 769 2910 jungebat
792 2833 908 2895 flumen.
952 2834 1087 2896 Viatores

137 2929 300 2990 escendunt
312 2931 440 3007 pontem,
452 2931 482 2985 et
495 2927 528 2986 in
541 2934 618 3003 aquia
627 2925 682 2985 sub
693 2925 817 3002 pedibus
830 2926 986 3004 imaginem
999 2927 1087 2987 lunae

137 3023 248 3083 vident
303 3021 431 3095 “Eece''
458 3019 555 3097 inquit
582 3019 729 3094 Boeotius,
756 3018 904 3096 “pulcher
931 3039 1029 3081 omaus
1054 3021 1089 3082 in

137 3124 213 3193 aqua
224 3113 308 3191 jtoet
352 3113 414 3174 Cur
427 3131 481 3172 nos
494 3131 555 3172 non
571 3111 732 3188 praemium
752 3110 976 3188 deportamusi’'
1016 3113 1088 3174 Sine

137 3208 217 3269 mors
232 3207 370 3268 Boeotius
384 3205 518 3267 manibus
532 3209 653 3282 pontem
666 3203 757 3279 tenet,
772 3209 802 3265 et
815 3206 968 3282 suspendit
984 3226 1088 3285 corpus

136 3321 222 3381 super
237 3319 349 3380 aquam.
392 3298 509 3358 Deinde
523 3297 694 3359 Corinthius
714 3297 871 3376 prehendit
890 3318 973 3360 arura
991 3300 1085 3361 amici.

135 3397 326 3460 Atheniensis
348 3394 437 3455 habat
458 3395 576 3454 tertium
604 3393 702 3454 loenm
725 3398 756 3454 et
779 3393 905 3472 pedibus
927 3396 1089 3473 preamium
