2409 3875
425 239 698 308 ‘translations

348 516 416 584 117.
443 501 509 566 Tae
523 501 674 566 Robbcr's
690 503 778 571 Cave.

134 645 244 704 Balbus
271 642 402 720 agricola,
431 644 484 719 qui
509 645 545 701 in
567 643 657 704 silvas
689 644 768 721 ligna
791 665 907 706 vcaesum
933 649 1033 720 iverat,

95 738 229 815 virgultis
243 737 373 796 occultus
387 755 521 812 magnam
533 755 653 794 manum
672 736 826 812 latronum,
841 740 892 815 qui
905 740 1033 813 adibant,

95 832 178 890 vidit.
222 829 281 904 Qui
301 829 372 888 dum
391 829 559 906 perterritus
579 829 695 887 nullum
714 849 819 889 sonum
838 832 921 890 edere
938 833 1033 907 audet,

95 923 157 982 dux
190 923 253 1000 ipse
285 922 432 981 latronum
458 921 629 980 altissimam
662 939 763 997 rupem
796 942 942 1000 aggressus
972 943 1035 982 earn

95 1016 198 1074 dextra
230 1013 367 1092 pulsavit,
402 1013 473 1073 haec
506 1013 629 1086 loeutus,
666 1013 782 1090 “Aperi
815 1019 853 1088 te,
876 1014 1035 1076 borreum.''

96 1107 210 1183 Quibus
222 1106 320 1167 verbis
334 1104 478 1186 (mirabile
491 1106 574 1164 dictu
585 1105 605 1183 1)
622 1106 697 1165 fores
717 1106 823 1165 celatae
842 1109 945 1185 aperiri
958 1109 1036 1168 visae

96 1205 174 1274 aunt,
189 1204 372 1275 antrumque
385 1200 487 1274 ingens
501 1198 637 1274 patefieri.
680 1198 755 1258 Inde
774 1198 907 1273 latrones,
921 1206 1036 1260 antrum

95 1293 226 1369 ingressi,
247 1310 341 1364 onera,
364 1310 438 1366 quae
457 1290 621 1368 portabant,
640 1290 843 1367 deposuerunt,
865 1293 1036 1370 iterum-que

96 1385 215 1460 regressi
239 1403 255 1443 e
278 1388 434 1460 conspeetu
460 1384 660 1443 discesserunt.
702 1382 818 1443 Deinde
843 1383 960 1460 Balbus,
984 1389 1036 1462 qui

96 1478 214 1537 tandem
242 1497 258 1536 e
284 1476 402 1536 latebris
425 1476 503 1535 exire
527 1494 618 1536 ausus
637 1480 689 1548 est,
713 1475 817 1535 iisdem
840 1476 935 1536 verbis
957 1497 1034 1553 usus,

98 1589 198 1647 rupem
211 1570 273 1646 ipse
286 1569 423 1646 pulsavit,
435 1573 619 1644 antrum-que
631 1567 768 1644 patefecit
780 1587 849 1628 euro
862 1569 1036 1646 completum

98 1668 128 1722 et
147 1667 274 1738 argento,
288 1661 367 1738 quod
387 1661 577 1721 aviatoribus
595 1666 711 1738 raptum
730 1661 856 1720 latrones
874 1661 908 1720 in
927 1679 961 1720 eo
974 1661 1036 1722 loco

97 1754 276 1814 abdiderant
319 1753 383 1828 Quo
396 1754 462 1813 visu
482 1754 624 1812 attonitus
644 1772 812 1829 essequam
832 1753 957 1812 maximo
974 1755 1036 1812 auri

98 1846 224 1922 pondere
237 1845 376 1918 oneravit,
391 1844 576 1922 domumque
589 1844 682 1904 laetus
695 1844 789 1904 rediit.

317 2038 384 2101 118.
411 2036 538 2120 Cauglzt
551 2036 590 2118 by
604 2037 656 2102 the
668 2037 816 2102 Robbers.

139 2180 232 2238 Balbo
253 2182 313 2238 erat
333 2177 420 2236 frater
439 2178 557 2236 nomine
577 2176 673 2251 Caius,
689 2179 735 2237 vir
754 2176 836 2237 dives
855 2180 906 2239 sed
926 2200 1035 2243 avarus.

99 2272 158 2330 Hic
178 2271 216 2328 de
235 2269 352 2328 fortuna
371 2268 457 2328 Balbi
477 2288 528 2345 per
546 2286 667 2326 uxorem
686 2270 790 2327 certior
808 2269 902 2329 factus
921 2271 1038 2332 fratrem

99 2382 212 2423 carmen
239 2362 323 2435 illud,
351 2380 409 2438 quo
436 2366 551 2419 antrum
578 2360 682 2437 aperiri
708 2366 827 2438 poterat,
856 2363 926 2421 diris
952 2365 1040 2423 minis

99 2455 249 2531 divulgare
276 2454 376 2529 coegit
420 2454 522 2529 Itaque
550 2471 616 2511 cum
642 2453 736 2511 tribus
762 2454 850 2513 asinis
876 2456 914 2514 ad
940 2474 1040 2533 rupem

99 2547 253 2625 profectus,
268 2545 429 2621 verbisque
442 2544 560 2620 magicis
573 2561 651 2617 usus,
663 2549 779 2603 antrum
793 2546 921 2620 intravit,
937 2548 1041 2605 asinos

100 2658 157 2717 que
170 2656 239 2697 auro
254 2638 390 2697 oneravit.

142 2731 217 2790 Mox
237 2734 333 2788 autem
348 2728 401 2787 ubi
413 2728 507 2787 aedua
521 2728 625 2804 voluit,
641 2729 776 2788 carminis
790 2730 908 2804 oblitus,
926 2732 1043 2809 “Aperi

101 2825 158 2899 te‚’'
165 2825 273 2901 inquit,
285 2822 446 2880 “hordeum
454 2823 482 2893 ;”
491 2822 682 2898 cuivociquia
689 2822 764 2881 fores
772 2825 869 2899 parare
878 2823 1042 2897 noluerunt,

102 2936 155 2976 nec
165 2917 300 2975 carminis
310 2914 402 2991 ipsius
411 2914 699 2991 meminisse'poterat
711 2912 820 2994 (tantae
834 2915 912 2973 enim
925 2915 1044 2975 divitiae

102 3009 241 3068 rationem
251 3006 342 3067 animi
354 3004 576 3083 perturbabant)
586 3026 604 3064 a
613 3005 775 3065 latronibus
788 3005 871 3066 brevi
881 3012 982 3084 ceptus
991 3014 1041 3069 est

103 3100 146 3159 Hi
166 3105 319 3178 postquam
339 3098 435 3157 virum
455 3097 560 3173 gladiis
579 3097 794 3170 interfecerunt,
809 3116 912 3175 corpus
933 3102 995 3176 ejas
1013 3102 1046 3159 in

102 3199 239 3269 quattuor
273 3196 368 3268 partes
395 3190 524 3248 divisum
557 3190 636 3248 iutra
669 3194 785 3248 antrum
822 3191 1043 3267 suspenderunt

102 3284 221 3344 Postero
235 3289 331 3343 antem
346 3282 394 3340 die
407 3280 525 3353 Balbus,
540 3281 600 3356 qui,
616 3299 676 3339 rem
690 3282 860 3357 suspicatus,
875 3281 971 3341 locum
984 3283 1046 3359 ipse

102 3377 219 3449 adierat,
235 3380 323 3435 noctu
337 3372 465 3432 membre
477 3372 574 3430 fratris
588 3391 623 3430 ex
637 3377 719 3430 antro
734 3374 848 3449 aripuit.
