2409 3875
453 200 726 269 translations.
754 163 762 169 Ι
1024 204 1062 264 et

114 406 203 465 quam
226 408 320 466 nuper
342 389 474 462 duxerat,
496 388 552 447 iter
575 388 707 448 faciebat.
751 387 825 448 Mox
848 387 887 447 ad
909 388 988 465 ripas
1010 387 1063 448 alti

115 481 278 560 rapidi-que
322 481 454 541 fluminis
494 480 620 541 viatores
662 481 845 558 perveniunt,
887 480 1063 559 frustraque

115 575 224 635 vadum
264 580 378 655 petunt
435 574 541 635 Subito
578 575 703 635 occurrit
742 578 895 633 centaurus
932 574 1060 651 quidam,

115 666 234 726 nomina
263 666 382 725 Nessus.
434 666 600 738 “Multae''
627 666 734 744 inquit,
760 670 873 725 “antea
899 670 981 726 tram
1006 667 1063 727 hoc

115 758 224 818 flumen
244 778 262 818 a
280 778 328 818 me
348 764 557 836 transportatus
577 763 654 838 sunt
697 759 738 818 Te
757 778 882 837 quoque,
897 779 915 820 o
931 760 1063 837 pulcher-

115 853 190 912 rima
229 852 377 927 Deianira,
415 853 442 911 ei
483 852 573 929 cupis,
613 851 674 912 lato
714 871 779 912 meo
819 858 899 930 tergo
937 852 1063 913 libenter

116 945 316 1023 transportebo
327 946 356 1021 ;'’
390 946 479 1004 simul
508 945 638 1022 puellam
664 945 744 1005 haud
771 946 896 1007 invitam
922 946 1045 1024 suscipit
1052 966 1062 1020 3

116 1037 221 1098 deinde
234 1039 362 1116 perfidus
376 1057 479 1117 magna
492 1037 639 1098 celeritate
651 1037 685 1098 in
697 1042 810 1099 montes
823 1039 907 1115 fugit.

170 1275 217 1343 52.
242 1262 273 1326 A
292 1261 379 1325 Ride
392 1282 433 1325 en
448 1261 501 1326 tec
519 1260 688 1327 Centam’s
701 1235 791 1326 Base
806 1262 1011 1349 (continued).

157 1398 297 1457 Hercules
308 1402 414 1474 autam,
426 1413 514 1474 quem
524 1398 604 1457 fraus
615 1398 745 1457 centauri
754 1416 816 1457 non
826 1398 953 1473 fallebat,
965 1419 1062 1460 arcum

116 1491 220 1568 rapuit,
236 1495 266 1551 et
285 1494 346 1549 uni
366 1510 403 1549 ex
423 1490 459 1549 iis
480 1490 601 1567 sagittis,
617 1508 689 1568 quas
708 1490 771 1568 ipae
790 1492 931 1569 sanguina
944 1491 1064 1568 Hydrae

116 1584 251 1659 tinxerat,
275 1584 434 1660 fugitivum
458 1583 631 1644 vulneravit
674 1583 717 1643 At
736 1585 935 1663 moribundus·
949 1586 1063 1663 puellae

116 1676 270 1737 consilium
279 1676 335 1737 hoc
344 1676 562 1753 iniquissimum
572 1676 624 1736 dat
633 1676 764 1752 Nessus3
786 1676 1060 1755 “Accipe‚’'inquit,

118 1774 136 1802 “
146 1770 222 1829 hanc
242 1770 381 1845 tunicam,
396 1788 484 1846 quam
504 1788 586 1828 meus
599 1769 717 1847 sanguis
733 1770 839 1843 tinxit;
859 1770 930 1829 haec
944 1771 1000 1830 tibi
1012 1771 1063 1830 ali·

115 1864 232 1940 quando
242 1882 367 1923 emerem
381 1862 512 1940 conjugis
526 1862 686 1922 restituet”
731 1863 789 1924 His
799 1864 896 1925 verbis
909 1869 1063 1925 centaurus

115 1957 228 2018 occidit

156 2049 267 2109 Paucos
290 2054 357 2127 pest
381 2067 473 2108 annos
500 2049 650 2124 Hercules,
676 2049 831 2111 Oechaliae
855 2051 956 2125 vietor,
978 2052 1061 2113 Iolen

115 2144 260 2220 captivam
286 2142 426 2201 Deianiri
449 2141 644 2219 pulchriorem
671 2142 826 2202 adamavit
870 2143 950 2203 Haec
973 2145 1063 2222 igitur

115 2237 269 2297 verborum
292 2235 422 2296 centauri
447 2235 526 2294 hand
550 2235 710 2307 immemor,
731 2235 860 2295 tunicam
883 2237 1001 2298 fatalem
1024 2242 1062 2301 ad

115 2331 268 2408 conjugem
281 2328 368 2390 misit
413 2328 499 2387 Hanc
520 2327 661 2388 Hercules
681 2329 816 2388 incautus
836 2329 942 2405 induit,
957 2333 1062 2410 etipee

115 2427 234 2482 necatur
260 2421 324 2482 dira
350 2421 382 2480 vi
408 2421 489 2482 illiue
516 2422 631 2495 veneni,
660 2440 718 2498 quo
752 2422 823 2482 elim
850 2441 916 2483 suas
942 2425 1062 2504 sagittae
1120 2482 1129 2499 ,

115 2516 248 2576 tinxerat

353 2697 368 2764 5
375 2701 402 2764 3.
426 2683 458 2746 Α
487 2682 681 2766 Wundersul
691 2682 825 2750 Dream.

154 2819 224 2878 Trea
243 2818 314 2878 olim
334 2819 460 2878 viatores
480 2837 498 2877 a
518 2818 615 2878 Gallia
634 2818 672 2878 ad
692 2820 811 2879 Italiam
831 2821 886 2881 iter
905 2822 1057 2886 faciebant.

113 2914 172 2972 Via
186 2917 247 2972 erat
266 2917 296 2971 et
316 2911 402 2988 longa
422 2916 452 2970 et
472 2911 653 2984 difficillime,
668 2913 747 2989 quod
761 2914 891 2990 undique
911 2917 1061 2978 montibus

114 3005 262 3065 altissimis
289 3004 499 3063 continebatur.
551 3003 644 3081 Saepe
677 3024 811 3091 magnam
838 3008 898 3067 cibi
931 3010 1061 3088 inopiam

113 3099 238 3160 viatores
251 3097 432 3172 tolerabant3
452 3096 572 3156 tandem
584 3097 663 3156 nihil
675 3096 736 3157 illis
745 3105 903 3176 supererat
915 3103 974 3162 nisi
982 3124 1061 3166 unus

112 3191 205 3269 panis,
220 3190 300 3250 haud
313 3190 356 3249 ita
368 3188 493 3266 grandis,
509 3208 596 3265 quem
617 3207 717 3249 omnes
733 3191 954 3268 diligentissima
967 3215 1061 3260 serva·

112 3285 190 3345 bant
234 3283 324 3343 Hunc
337 3282 395 3342 eibi
408 3283 531 3358 quisque
545 3282 684 3344 vindicat
726 3283 863 3362 Denique
875 3287 944 3349 fessi
957 3309 1059 3355 somno

111 3397 142 3437 ss
162 3378 242 3450 dant,
263 3393 436 3454 panem-que
456 3379 625 3452 proponunt
644 3377 751 3436 somnii
771 3378 961 3455 insignissimi
982 3405 1060 3462 prae·
