2409 3875
443 230 717 352 ueneratione.

379 627 448 693 130.
470 611 624 676 Mineral
637 611 787 694 Springs.

151 763 261 823 Marcio
281 763 436 823 Icenorum
455 763 516 839 regi
536 762 615 822 filius
628 768 689 822 erai
701 763 814 838 unione,
829 764 956 840 ingenuo
973 763 1055 825 vultu

110 874 182 933 puer
201 857 396 933 moribusque
416 854 604 915 anaviaaimia
647 855 737 914 Hune
757 860 856 914 tamen
876 856 977 916 morbo
996 876 1056 934 gra·

110 948 229 1008 viaaimo
249 949 384 1008 affectum
405 953 487 1024 pater
507 946 561 1026 (aio
582 947 661 1006 enim
681 947 759 1023 legea
777 947 943 1025 jubebant),
966 968 1056 1009 aeuo

110 1060 197 1118 regno
217 1042 250 1100 in
270 1041 406 1101 exsilium
425 1042 555 1117 ejecerat
599 1040 674 1099 Inde
691 1041 818 1116 juvenis,
839 1042 918 1120 quod
938 1047 1056 1118 argento

110 1136 232 1210 carebat,
254 1155 308 1195 nee
327 1135 389 1195 ullo
413 1135 500 1195 modo
521 1135 614 1194 vitem
637 1135 780 1194 auatinere
803 1139 924 1212 poterat,
945 1141 1056 1196 veaiem

110 1231 236 1289 mutavit
262 1230 378 1306 regiam,
407 1247 575 1304 servus-que
601 1227 705 1300 faetus,
734 1227 875 1304 agricolae
904 1229 1056 1306 enjusdam

110 1343 176 1382 anea
190 1322 331 1400 pascebar

150 1416 193 1475 Aa
205 1434 271 1474 anea
284 1415 384 1492 paucis
397 1419 464 1492 poet
477 1413 580 1474 diebus
594 1414 696 1474 eodem
709 1413 810 1473 morbo
823 1415 919 1475 effoeti
932 1417 1051 1476 tabesco

110 1509 183 1569 bant
208 1509 273 1586 ipai
329 1508 446 1567 Deinde
476 1528 556 1585 puer,
584 1509 665 1585 quod
691 1527 752 1566 rem
781 1508 924 1568 occultare
950 1511 1054 1585 voluit,

110 1608 205 1662 totum
218 1621 333 1679 gregem
346 1603 380 1661 in
392 1601 498 1661 eilvam
512 1601 675 1661 densiorem
688 1600 754 1678 agiu
798 1601 887 1660 Hune
896 1603 975 1676 olim,
985 1604 1057 1663 dum

110 1716 162 1773 per
180 1697 326 1773 regionem
346 1696 476 1773 ignotam
495 1701 579 1772 meat,
594 1694 735 1773 paludem
754 1694 877 1754 transire
896 1697 1053 1772 operabat

111 1792 204 1867 Quam
218 1791 270 1850 nbi
283 1791 421 1851 viderunt
440 1810 515 1866 enee,
530 1809 631 1850 omnea
650 1808 710 1849 uno
731 1789 844 1867 impetu
864 1791 897 1849 in
916 1810 1006 1868 aquea
1024 1812 1057 1852 ae

110 1885 261 1961 dejiciunt,
289 1884 397 1962 quibua
430 1884 514 1962 aquia
546 1883 712 1943 salubribua
746 1882 931 1945 sanabantur.
982 1886 1057 1946 Puer

110 1978 200 2055 igitur
226 1997 292 2037 enea
310 1979 441 2037 imitatus
460 1996 616 2054 annuaque
636 1978 698 2055 ipae
724 1978 826 2049 motus,
856 1977 996 2055 oppidum
1023 1981 1056 2039 in

110 2090 145 2129 eo
156 2071 220 2131 looo
234 2071 373 2144 condidit,
389 2089 463 2148 quae
476 2070 579 2148 Aquae
593 2069 671 2130 Solia
684 2077 802 2130 vocatae
816 2075 893 2131 anni
