2409 3875
438 234 713 303 Trauslations.
1010 239 1048 302 27

103 444 161 485 non
173 428 262 503 videt,
273 430 325 489 ced
338 429 468 507 undique
481 449 618 506 cruorem,
631 430 710 490 foedi
721 431 887 492 certaminis
896 433 1045 493 indicium.

103 517 210 580 Statim
221 542 303 583 caeco
311 523 405 582 surore
417 542 525 596 canem,
535 523 608 582 mali
616 528 771 597 auctorem,
779 523 877 602 jicilc
887 526 1044 601 transfigit

102 611 236 677 Gelertm
249 635 315 676 cnm
329 618 437 693 gemitu
452 621 586 693 exspirat
631 615 728 677 Simul
740 617 876 677 dominns
888 618 922 677 in
934 637 1047 678 recensu

100 708 215 771 aedium
242 712 387 772 infantem
402 712 493 784 videt,
508 710 624 772 salvum
644 716 732 791 atque
751 711 934 773 incolumem.
987 712 1046 773 Sed

99 800 179 862 hand
206 804 307 881 procul
327 804 364 863 ab
389 824 422 865 eo
442 805 506 865 loco
523 803 641 881 jacebat
660 804 762 881 ingena
787 804 882 883 lupun.
935 804 1046 866 Fidelis

98 896 178 955 enim
192 902 288 957 custos
301 897 393 957 vitum
407 897 529 957 infantie
542 897 585 957 ita
597 903 768 960 servaverat

429 1132 478 1200 37.
507 1116 574 1181 The
590 1116 710 1199 Gossa‘p.

139 1252 210 1315 Erat
235 1253 353 1316 Timoni
379 1273 453 1314 uxor
482 1252 604 1330 garrula.
660 1252 740 1313 Haec
774 1252 932 1330 aliquando
966 1256 1044 1333 apud

98 1347 236 1407 feminum
258 1348 383 1407 vicinam
405 1345 552 1407 coenabat.
604 1345 668 1405 Diu
691 1344 796 1405 Timon
819 1364 939 1405 uxorem
961 1367 1043 1407 cuam

96 1441 204 1500 frustra
230 1444 453 1517 exspectaverat.
509 1439 640 1498 Tandem
672 1438 763 1498 iratus
790 1439 904 1499 aedium
931 1446 1043 1517 portam

98 1534 218 1607 obserat,
234 1538 263 1593 at
283 1534 358 1611 petit
377 1532 480 1593 cirbile.
525 1532 599 1591 Mox
619 1538 718 1591 tamen
737 1551 811 1591 uxor
823 1532 916 1591 redux
936 1533 1044 1592 catium

98 1625 282 1687 vehementer
300 1625 404 1704 pulsat
457 1626 573 1703 “Aperi
593 1624 723 1699 celeriter
742 1625 882 1703 portam,''
902 1625 1044 1685 exclamat

96 1720 156 1793 illa,
168 1718 711 1781 “nonneuxorietuaeuocemandist”
742 1718 1044 1797 “Minima''rerpon·

97 1812 143 1872 dit
156 1832 193 1872 ex
206 1814 295 1872 cubili
310 1814 445 1874 dominun
454 1833 464 1887 ;
484 1816 546 1873 “tu
565 1832 625 1872 nou
646 1832 711 1873 mea
728 1831 804 1872 uxor
823 1831 861 1886 ea,
876 1832 930 1872 nec
942 1832 1043 1873 vocem

96 1911 178 1968 tuam
191 1925 348 1986 eognosc03
368 1926 431 1968 mea
445 1906 523 1967 enim
536 1925 611 1967 uxor
620 1907 682 1984 jam
697 1925 809 1968 mecum
823 1905 936 1968 cubat”

322 2107 370 2186 38.
400 2105 465 2170 Tha
482 2104 597 2188 Gossip
613 2103 818 2189 (continued).

135 2250 198 2310 Diu
221 2249 330 2311 femina
357 2267 454 2326 preces
482 2247 667 2328 producebat,
693 2247 745 2306 ced
771 2247 895 2325 faucem
924 2249 1042 2310 tandem

93 2346 196 2407 dolum
216 2346 342 2422 parabat.
387 2347 404 2378 “
414 2343 482 2402 Nisi
502 2342 562 2418 tu,'’
576 2343 682 2420 inquit,
698 2346 838 2420 “portam
857 2345 975 2423 aperies,
990 2365 1042 2423 ego

92 2442 127 2500 in
159 2440 215 2498 hoc
241 2438 349 2496 flumen
377 2436 534 2497 desiliam.”
585 2435 682 2498 Simul
711 2436 743 2494 iu
770 2455 874 2514 aquam
904 2457 1042 2517 magnum

93 2532 220 2610 lapidem
241 2530 379 2606 devolvit,
402 2536 432 2589 et
451 2549 513 2590 reae
532 2549 592 2589 non
612 2528 713 2607 procul
733 2529 822 2591 abdit
865 2530 922 2591 Vir
943 2533 1042 2592 eonitu

93 2629 212 2690 territus
232 2627 339 2687 ostium
359 2626 460 2703 aperit,
481 2623 683 2704 prdpdratque
703 2626 741 2684 ad
759 2626 861 2703 ripam.
903 2627 1042 2688 Protinus

93 2721 229 2798 irrumpit
249 2721 281 2780 in
294 2720 379 2780 aedes
392 2739 473 2796 uxor,
493 2719 674 2796 obstantque
693 2723 813 2796 portam.
858 2721 977 2781 Fruatra
996 2722 1042 2782 vir

94 2813 199 2874 infelix
213 2813 320 2873 ostium
340 2813 438 2890 pulsat
446 2833 456 2888 ς
479 2816 496 2845 “
506 2809 655 2887 Discede,'’
669 2811 767 2889 inquit
780 2831 862 2890 uxor,
878 2815 940 2874 “tu
952 2813 1039 2888 enim,

94 2917 129 2972 ut
141 2912 203 2988 ipae
217 2909 327 2984 dixisti,
342 2927 403 2969 non
417 2928 447 2968 es
461 2927 542 2968 meus
552 2909 687 2986 conjnm''

347 3130 394 3197 39.
423 3111 490 3177 The
504 3114 532 3178 S
534 3113 599 3196 iege
611 3115 653 3194 of
665 3111 782 3179 Calais.

133 3243 287 3304 Edvarduu
321 3242 399 3315 olim,
435 3261 487 3302 rex
520 3241 736 3317 Britannorum,
769 3241 871 3301 urbem
899 3240 1041 3302 Gallicam

93 3335 285 3415 oppugnabat
330 3334 392 3394 Diu
407 3334 518 3394 incolae
531 3333 679 3410 copiarum
693 3335 768 3411 regie
781 3335 925 3411 impetum
938 3340 1041 3413 magni

93 3451 160 3491 aum
173 3430 284 3489 virtute
297 3429 502 3490 sustinuerant
545 3428 684 3500 Tandem,
699 3427 753 3487 ubi
771 3427 849 3488 nihil
868 3428 929 3487 cibi
947 3433 1041 3507 euper-
