2409 3875
501 188 775 257 Translations.

451 424 503 505 46.
534 424 600 489 Tae
614 424 703 488 Pied
714 425 822 507 Piper.

207 560 402 638 Hemalinam,
427 561 529 620 urbem
552 560 784 639 pulcherrimam,
810 562 935 622 vambat
958 561 1029 621 olim
1052 561 1114 620 dira

167 653 256 732 puetis
265 674 275 729 3
294 654 422 713 murium
442 653 521 714 anim
542 653 762 714 innumerabilia
781 655 941 715 multitudo
954 674 1015 715 non
1027 653 1114 714 medo

166 748 263 808 omnia
277 738 441 820 devorabat,
456 747 608 807 sedetiam
626 747 762 821 infantae,
777 748 848 808 dum
862 749 963 824 jaaant
975 749 1008 807 in
1020 748 1112 820 annia,

166 839 359 918 oppugnabat
404 838 522 899 Incolae
542 840 640 899 omnia
660 839 781 900 consilia
794 840 901 900 frustra
913 846 1113 912 tentaverant3

167 930 293 1008 denique
305 949 443 1008 magnum
463 931 578 1008 pondus
591 933 703 1008 argenti
719 938 887 1010 proponunt
899 934 991 993 tetius
1002 934 1114 1010 generis

166 1026 250 1087 exitii
264 1025 396 1102 pretium.
439 1024 505 1083 Hoa
518 1025 582 1104 ipso
595 1029 724 1103 tempora
734 1027 787 1102 vir,
799 1028 878 1103 picta
888 1034 968 1087 reate
981 1027 1112 1104 insignia,

166 1119 288 1179 intravit
322 1117 432 1191 urbem,
460 1117 656 1194 laboremque
689 1119 817 1196 eueeipit
876 1120 982 1180 Statim
1010 1139 1114 1196 magna

167 1217 280 1272 caterva
294 1230 359 1270 eum
374 1211 411 1270 ad
425 1210 521 1271 forum
531 1210 657 1272 deducit.
700 1211 768 1271 Hua
781 1212 835 1272 ubi
847 1214 982 1290 pervenit
991 1212 1111 1286 advina,

166 1326 203 1366 ex
216 1305 284 1364 ainu
298 1304 402 1364 tibiam
421 1322 539 1381 parvam
560 1302 695 1379 datrihit,
710 1323 883 1381 paueoeqne
903 1306 1005 1365 modae
1017 1306 1110 1383 fingit

166 1400 228 1459 Vix
247 1399 279 1457 id
300 1416 413 1457 cannen
434 1401 601 1471 cessaverat,
621 1396 675 1455 ubi
695 1397 800 1455 mirum
820 1398 984 1475 prodigium
1004 1400 1111 1474 evenit,

166 1493 295 1570 undique
305 1492 383 1551 enim
395 1491 432 1551 ad
441 1510 544 1551 eanum
555 1491 669 1567 ingenti
679 1492 808 1551 tumultu
821 1510 918 1551 mures
928 1498 1109 1552 concurrunt

166 1586 264 1645 Primo
278 1584 449 1656 consistunt,
464 1582 570 1642 deinde
585 1602 693 1657 omnes,
708 1583 776 1657 albi,
790 1584 875 1661 nigri,
886 1602 976 1656 nenas,
987 1586 1113 1661 juvenes

165 1678 202 1738 ad
216 1677 316 1736 modos
329 1675 418 1735 tibiae
438 1675 552 1736 saltent
596 1674 746 1735 Postremo
759 1694 819 1734 uno
832 1676 944 1753 impetu
957 1676 988 1735 in
1003 1676 1113 1735 flumen

164 1771 350 1846 eaonepeetn
363 1767 509 1830 desiliunt.
586 1848 590 1855 Ι

230 2027 242 2046 ‚
344 1979 395 2048 47.
423 1964 490 2030 Tlee
502 1965 592 2030 Pied
602 1965 705 2049 Piper
720 1965 925 2052 (continued).

205 2101 303 2162 Primo
323 2100 401 2162 airas
421 2119 481 2160 rem
501 2101 554 2160 vir
568 2101 690 2161 credunt
699 2122 708 2176 3
729 2102 835 2161 deinde
855 2100 982 2162 laetitiae
998 2102 1114 2178 ingenti

164 2215 195 2257 se
208 2195 327 2255 dedunt
369 2194 505 2270 Jamque
513 2193 623 2253 tibicen
631 2195 678 2254 ani
686 2195 793 2254 laboris
803 2195 962 2272 praemium
973 2195 1111 2272 postulat.

164 2290 207 2350 At
224 2289 310 2362 aives,
329 2289 392 2365 jam
411 2286 533 2364 paniculi
554 2292 694 2364 expertae,
709 2287 798 2346 fidem
819 2287 925 2364 ingrati
945 2287 1067 2361 violant,
1083 2294 1114 2347 et

164 2400 298 2460 magnam
321 2385 433 2457 partem
457 2379 569 2456 argenti
588 2380 724 2440 retinent
767 2380 872 2456 Itaque
891 2379 983 2439 iratur
1005 2381 1113 2439 iterum

165 2476 267 2536 tibiam
275 2473 402 2550 corripit,
414 2471 603 2549 altarum-que
614 2491 728 2532 carmen
738 2473 833 2550 priore
843 2471 993 2549 pulchrius
1003 2472 1111 2533 fundit.

165 2567 303 2628 Protinus
316 2584 353 2625 ex
367 2564 503 2624 omnibus
517 2563 652 2624 domibus
665 2583 769 2642 magna
783 2583 937 2642 puerorum
955 2565 1113 2641 virgiuum-

165 2679 221 2740 qua
241 2663 355 2719 caterva
367 2658 464 2716 virum
484 2657 582 2734 ningit.
626 2657 702 2715 Inde
720 2647 840 2730 tibicen,
855 2655 926 2714 dum
945 2656 991 2714 illi
1011 2656 1115 2717 choros

165 2751 335 2812 laetissimos
349 2753 447 2826 egunt,
463 2766 562 2808 omnes
576 2748 614 2808 ed
626 2749 823 2826 pmpinqnum
843 2751 969 2806 montem
984 2747 1110 2809 deducit

164 2845 240 2904 Tum
263 2842 361 2903 mirari
384 2845 517 2919 parentes
540 2859 600 2900 rem
628 2840 786 2899 terribilem
812 2839 933 2914 vident5
960 2859 1026 2898 nam
1050 2840 1115 2917 ipae

166 2936 289 2996 dahieait
302 2952 385 2994 mona
399 2938 430 2993 et
443 2934 583 2992 immensa
597 2932 681 2991 hiatu
695 2937 786 2991 totam
800 2951 920 2991 manum
933 2932 1046 3009 aaeipit.

422 3133 474 3213 48.
500 3131 629 3216 Cauglet
641 3130 681 3214 by
695 3131 747 3196 tlte
766 3130 852 3196 Tide.

205 3269 356 3342 Canutius,
385 3269 539 3328 Icenorum
568 3285 630 3342 rex,
659 3264 745 3342 longe
771 3265 932 3342 sapientior
957 3268 1018 3325 erat
1047 3264 1115 3326 aliia

165 3363 285 3441 regibua
330 3361 429 3437 Hujus
449 3360 520 3418 olim
532 3377 601 3437 opes
614 3362 645 3418 et
658 3358 859 3418 anctoritatem
878 3377 956 3418 unna
969 3377 1007 3419 ex
1019 3376 1113 3418 aaran·
