2409 3875
440 232 713 296 Translations.

353 556 420 620 139.
443 537 474 602 Α
493 535 671 601 Disltonest
686 535 806 619 Couple.

145 689 244 762 Dario,
262 687 414 746 Persarum
428 686 496 762 regi,
509 704 611 746 servus
621 685 822 758 erat,'nomine
836 685 950 761 Lydon,
962 704 1048 762 quern

104 783 231 840 maxime
251 779 373 839 amabat
428 779 485 839 Oui
511 798 572 853 rex,
594 783 629 837 ut
656 778 799 836 indicium
829 777 1049 837 benevolentiae

103 875 217 951 insigne
231 878 394 951 praestaret,
406 872 439 931 in
452 871 670 930 matrimonium
683 871 767 930 dedit
779 871 906 948 puellam
920 871 1049 948 pulcher-

102 968 214 1041 rimam,
244 986 332 1044 quern
358 965 457 1042 regina
484 984 522 1023 ex
548 965 685 1024 omnibus
713 965 827 1024 ancillis
851 964 1048 1024 fidelissimam

102 1061 236 1120 habebat
279 1060 323 1118 Hi
349 1064 455 1132 autem,
484 1057 564 1134 quod
590 1058 652 1117 auis
676 1057 788 1117 divitiis
815 1057 904 1117 nimis
930 1058 1049 1136 prodigo

103 1154 269 1229 utebantur,
281 1153 364 1212 brevi
377 1171 518 1229 pauperes
528 1151 609 1224 faeti,
619 1155 654 1210 ut
668 1156 818 1228 argentum
833 1170 869 1209 ex
883 1169 947 1226 rege
961 1151 1048 1228 impe

103 1251 221 1320 trarent,
237 1247 291 1306 hoo
312 1245 466 1306 eonsilium
487 1245 625 1303 inierunt.
668 1243 767 1304 Primi
790 1243 855 1303 luoe
878 1243 931 1317 vir,
953 1261 1049 1320 regern

103 1358 260 1415 aggressus,
270 1338 348 1398 tristi
357 1337 443 1397 vultu
452 1337 601 1396 fortunam
610 1335 758 1412 deplorare
767 1336 879 1413 incipit
913 1333 1048 1408 “Uxor,”

102 1431 209 1508 inquit,
226 1434 317 1489 “mea
329 1430 462 1507 proximi
477 1434 562 1488 noete
581 1447 598 1486 s
619 1429 680 1487 viti
694 1426 852 1486 discessit.”
892 1427 968 1486 Tum
988 1447 1047 1501 rex,

103 1543 190 1599 quem
203 1524 260 1582 viri
273 1524 399 1583 infelicia
419 1522 559 1595 misenrit,
574 1519 746 1580 consolandi
765 1524 858 1592 causi,
873 1539 1049 1597 purpureum

101 1616 224 1693 pellium
254 1617 433 1693 argenti-que
460 1615 604 1674 talentum
631 1613 659 1672 ei
686 1612 749 1670 dari
773 1613 868 1689 jussit
911 1613 953 1672 Ar
976 1633 1049 1672 uxor

102 1710 205 1769 eodem
225 1714 354 1787 tempore
374 1710 530 1785 conjugem
553 1712 699 1766 mortuum
720 1725 815 1765 eoram
835 1706 934 1783 regini.
953 1706 1049 1783 deplo-

101 1803 190 1862 rabat
235 1804 322 1878 Quae,
338 1808 421 1861 tanto
441 1801 540 1861 dolore
561 1806 648 1876 mota,
664 1801 692 1859 ei
713 1805 824 1860 vestem
844 1800 998 1876 pretiosam
1019 1805 1048 1857 et

102 1897 166 1956 auri
178 1914 312 1957 nummos
326 1895 540 1975 quinquaginta
553 1893 643 1955 dedit

252 2160 320 2223 140.
343 2141 375 2206 Α
392 2139 570 2205 Dislaonest
586 2138 700 2221 caupo
715 2138 919 2223 (continued).

142 2296 207 2355 Rex
217 2295 307 2371 igitur
319 2292 448 2369 reginam
461 2291 557 2368 petiit,
572 2290 609 2349 de
622 2294 715 2349 morte
729 2290 850 2349 ancillae
864 2296 924 2349 tarn
937 2297 1048 2351 amatae

100 2389 308 2449 consolaturus.
350 2384 426 2443 Inde
440 2384 539 2461 regina
551 2383 589 2443 ad
603 2402 700 2459 regem
709 2402 801 2456 versa,
811 2387 828 2416 “
838 2384 952 2442 Gratias
964 2385 1047 2459 tibi,”

99 2483 205 2559 inquit,
222 2484 301 2558 “pro
314 2478 519 2538 benevolentia
533 2496 605 2555 ago,
626 2482 659 2536 tu
672 2481 772 2535 tamen
785 2476 819 2535 in
831 2476 885 2536 hoo
906 2478 1044 2551 erravisti,

100 2575 180 2652 quod
189 2593 253 2633 maa
265 2571 372 2631 aneilla
385 2571 480 2630 adhue
492 2570 576 2643 vivit,
588 2570 635 2629 vir
645 2574 743 2629 tamen
757 2570 819 2645 ejus
833 2575 964 2629 mortuus
978 2572 1046 2631 est.’'

100 2668 186 2744 Quod
200 2667 253 2726 ubi
266 2685 318 2725 rex
332 2664 446 2725 eredere
460 2664 566 2738 noluit,
581 2669 691 2723 utrem
704 2668 765 2723 tam
785 2663 905 2723 dubiam
924 2665 1048 2742 expliea-
1094 2676 1099 2684 “

99 2766 174 2833 rent,
188 2761 274 2820 ambo
286 2758 325 2819 ad
339 2778 402 2818 eam
416 2762 528 2836 partem
541 2758 667 2830 aedium,
678 2776 766 2834 quam
777 2757 853 2816 servi
865 2757 1044 2835 habitabant,

100 2854 142 2911 ire
155 2856 286 2929 pergunt
331 2850 400 2909 Huo
414 2850 466 2910 ubi
480 2853 684 2926 pervenerunt,
698 2867 744 2907 res
757 2848 848 2925 magia
860 2849 894 2907 in
911 2850 1046 2927 ambiguo

101 2950 170 3017 erat,
186 2943 265 3020 qnod
278 2947 308 3002 et
320 2943 367 3003 vir
380 2948 411 3002 et
424 2942 543 3015 femina,
558 2942 660 3000 eodem
681 2939 749 3016 rligo
768 2940 906 3017 impositi,
921 2945 1046 3019 speeiem

100 3037 201 3096 mortis
214 3035 398 3113 praebebant
441 3034 579 3110 Denique
591 3053 652 3108 rex,
670 3036 688 3066 “
696 3033 756 3092 Hie
769 3039 845 3093 oerte
858 3041 988 3095 mortuus
1003 3044 1047 3097 est

100 3134 131 3188 et
143 3129 201 3188 illa.
245 3128 321 3188 Uter
333 3134 432 3188 tamen
446 3128 525 3205 prior
538 3148 554 3187 e
567 3128 631 3187 vitat
644 3127 794 3185 disoemitt
836 3126 869 3187 Si
887 3128 952 3205 quis
971 3130 1046 3188 mihi

100 3227 191 3281 totam
206 3240 266 3279 rem
279 3220 475 3296 explicaverit,
486 3220 515 3278 ei
527 3219 649 3295 triginta
662 3237 796 3278 nummos
809 3239 909 3279 aureos
921 3221 1046 3282 libenter

100 3315 200 3374 dabo.''
240 3313 285 3371 At
303 3314 350 3372 vir
371 3313 471 3371 statim
491 3330 596 3387 erogo
617 3311 742 3372 desiluit
788 3312 919 3386 “Mihi”
938 3315 1043 3392 inquit,

101 3411 175 3465 “rex
183 3424 286 3481 magne
297 3423 432 3462 nummos
440 3402 536 3476 redde,
547 3421 601 3479 ego
610 3404 687 3461 enim
696 3402 807 3477 primus
816 3412 946 3464 mortuus
954 3409 1044 3468 sum.’'
