2409 3875
436 189 712 261 mansuetem.

291 542 434 605 Pmoun
455 543 537 604 FOR
556 541 857 607 TRANSLATION.

133 750 200 813 141.
223 732 309 815 May
322 752 344 796 a
358 730 445 795 Man
460 730 500 795 do
514 730 607 794 what
618 731 658 794 lae
671 729 752 795 lz'kes
766 730 847 795 witlc
861 730 915 796 ris
928 733 1028 798 own?

142 896 292 975 Lysander
325 894 523 969 Atheniensis,
557 913 649 972 quum
684 901 777 956 cetera
810 895 947 956 animalia
980 897 1049 957 satis

102 990 250 1067 diligebat,
261 996 326 1049 tum
339 1006 428 1065 equos
441 1006 555 1047 summo
565 987 684 1048 fovebat
697 1007 800 1049 amors.
843 989 875 1049 Is
888 989 966 1064 olim,
978 989 1049 1049 dum

102 1082 216 1142 Thebes
235 1082 292 1141 iter
310 1080 389 1155 iecit,
404 1080 436 1139 in
457 1079 611 1140 Boeotium
625 1080 771 1157 quendum
783 1081 896 1157 incidit,
911 1082 962 1159 qni
976 1101 1049 1160 equo

102 1195 155 1236 sno
176 1175 214 1234 ob
234 1175 331 1235 nescio
351 1191 438 1251 quem
459 1172 575 1250 culpam
594 1173 670 1234 male
693 1174 837 1236 utebatur.
889 1175 975 1251 Quod
998 1175 1050 1234 ubi

102 1268 187 1342 vidit,
215 1267 353 1345 gravibus
386 1265 499 1343 probris
532 1271 645 1326 tantam
672 1267 872 1328 crudelitatem
899 1269 1050 1347 increpuit

105 1366 122 1395 “
131 1361 210 1437 Quid
224 1359 342 1420 tandem
362 1358 394 1419 id
408 1357 445 1417 ad
459 1363 489 1418 ts
501 1359 635 1435 attinet,''
648 1359 799 1438 respondit
814 1361 871 1421 ille.
917 1365 936 1394 “
944 1361 974 1421 N
975 1381 1051 1423 orme

102 1455 172 1514 licet
207 1453 283 1514 mihi
318 1471 427 1530 equum
463 1451 489 1511 si
522 1452 565 1512 its
598 1452 694 1530 placet
726 1452 875 1513 verberare
911 1455 1050 1515 meumt’'

105 1547 288 1621 “Maxime'’
313 1547 412 1624 inquit
439 1545 599 1622 Lysander,
623 1545 729 1623 “quod
749 1546 915 1624 exemplum
936 1551 968 1607 tu
989 1567 1052 1626 pro·

103 1642 197 1720 ponis,
208 1641 240 1700 id
254 1659 306 1718 ego
319 1639 481 1702 imitabor.''
515 1639 595 1698 Haec
606 1639 722 1699 locutus
731 1658 836 1716 magno
851 1639 961 1715 baculo,
973 1641 1052 1718 qnod

104 1754 194 1795 manu
213 1732 355 1811 portabat,
370 1739 483 1812 tergum
502 1733 566 1810 ejus
585 1733 711 1810 graviter
731 1737 761 1792 et
781 1751 865 1810 saepe
879 1733 1048 1794 verberavit

106 1829 198 1888 “Hoc
211 1826 316 1901 enim,''
330 1827 435 1904 inquit,
452 1826 618 1886 “baculum
636 1845 734 1887 meum
748 1830 799 1887 est
843 1825 950 1886 Nonne
963 1826 1052 1904 igitur

105 1921 179 1982 mihi
191 1921 261 1981 licet
273 1939 316 1995 co,
331 1919 374 1981 ita
385 1925 421 1981 ut
434 1920 535 1999 placet,
551 1920 596 1980 uti
604 1919 616 1978 i
624 1919 640 1951 ”

327 2220 394 2283 142.
423 2201 491 2267 Tlre
507 2201 753 2267 Greci-natural
763 2204 839 2285 Boy.

147 2356 283 2430 Glaucus,
305 2372 377 2433 puer
396 2354 514 2431 ingenio
535 2354 669 2431 benigno,
690 2373 707 2414 a
727 2359 808 2431 patre
827 2354 932 2414 missus
952 2359 997 2414 est
1016 2356 1054 2414 ed

107 2467 230 2526 parrum
250 2446 399 2526 oppidum,
420 2446 499 2523 quod
518 2446 556 2505 ab
576 2464 610 2505 eo
630 2446 694 2506 loco
718 2452 783 2506 octo
803 2446 898 2505 millia
917 2465 1053 2523 passuum

106 2542 212 2602 aberat
255 2540 321 2614 cni,
342 2540 414 2599 dnm
437 2540 494 2599 iter
512 2540 591 2614 iacit,
614 2539 737 2600 occurrit
761 2540 841 2599 canis
864 2538 940 2598 fame
963 2542 1054 2617 paen'e

107 2634 265 2705 coniectus,
287 2632 486 2709 dextramque
506 2632 637 2692 lambens
657 2633 755 2692 cibum
779 2638 875 2709 petere
896 2632 977 2693 visus
1002 2638 1053 2693 est.

108 2727 184 2786 Inde
211 2725 339 2786 Glaucus
364 2726 560 2785 misericordii
585 2730 693 2801 motus,
721 2726 776 2786 etsi
809 2726 872 2803 ipso
902 2728 1054 2801 esuriebat,

108 2838 242 2897 magnam
254 2819 302 2879 sni
314 2818 374 2879 cibi
386 2822 499 2895 partem
512 2818 682 2881 canidsdit.
726 2819 824 2895 Quum
843 2823 942 2879 autem
967 2820 1056 2899 paulo

108 2913 224 2990 longius
243 2911 353 2988 ivisset,
371 2911 521 2971 hominem
541 2912 655 2990 aspexit
675 2931 799 2987 caecum,
823 2912 874 2991 qui
894 2913 927 2971 in
949 2913 1057 2972 flumen

110 3007 260 3084 prolapsus
282 3006 393 3065 moveri
420 3024 481 3066 non
508 3006 643 3077 audebat.
669 3026 706 3067 ne
735 3009 767 3068 in
795 3026 899 3085 equam
926 3007 1059 3066 altiorem

109 3099 257 3159 incideret
301 3098 429 3159 Glaucus
442 3098 540 3176 igitur,
556 3099 612 3159 etsi
629 3100 691 3177 ipse
704 3107 804 3160 natare
817 3119 877 3159 non
891 3104 1012 3177 poterat,
1028 3100 1060 3160 in

75 3230 79 3237 -
110 3210 214 3269 aquam
228 3192 327 3251 statim
341 3191 468 3266 desiluit,
484 3198 514 3251 et
534 3211 626 3269 quum
647 3193 779 3253 dextram
793 3194 869 3253 caeci
882 3193 1058 3269 arripuisset,

111 3303 177 3344 eum
211 3284 248 3343 sd
282 3284 374 3360 ripam
408 3284 502 3345 duxit
555 3284 639 3357 Inde,
674 3304 765 3361 quum
798 3302 903 3361 aquam
937 3301 953 3342 e
981 3289 1060 3343 reste

110 3376 306 3455 expressisset,
320 3377 359 3435 ad
373 3376 513 3453 oppidum
527 3394 617 3452 quam
631 3377 775 3437 celerrime
790 3375 948 3437 contendit
