2409 3875
442 232 715 300 Translations.
1014 232 1052 291 25

103 429 239 506 scopulus
263 428 444 501 imminebat,
468 433 498 488 et
518 427 632 488 lubrica
658 447 728 488 eexa
752 426 874 505 veetigia
899 426 1047 486 sedebant

102 522 232 582 Tandem
252 540 341 582 eeuex
358 523 480 598 juvenes
501 521 549 581 hie
569 520 666 582 verbis
686 520 816 596 deridet3
845 521 933 581 “Cur
952 519 1050 597 ignavi

102 614 264 690 perieulum
283 612 413 674 timetiet
436 618 516 675 enee!
541 633 606 675 mea
625 614 795 691 portatilia
815 614 853 673 ed
872 613 968 673 loeum
989 614 1050 672 dee

102 708 233 767 oeudet'’
273 706 404 769 Juvenee
420 708 476 767 etei
496 727 557 767 rem
576 708 629 766 vix
649 706 780 779 eredunt,
795 711 894 767 tamen
913 705 1050 765 mandata

101 799 165 876 ejue
199 805 347 877 peragrmt
404 799 511 875 Magna
544 818 667 876 quereus
694 798 883 876 impendebat
912 798 1049 875 eeopu103

100 890 170 951 huie
184 892 284 953 funem
298 896 401 969 aptant
414 898 444 951 et
457 892 555 951 omnia
569 896 679 969 parant

255 1151 304 1215 32.
333 1133 364 1198 T
360 1132 399 1197 lte
422 1130 584 1198 Vulture's
599 1134 684 1199 Nost
697 1132 898 1220 (continued).

142 1278 209 1337 Jem
232 1296 321 1337 eenex
341 1282 441 1336 tenero
458 1276 571 1353 corpori
589 1276 713 1353 virginis
733 1278 834 1342 funem
855 1284 938 1339 eante
958 1285 1046 1357 aptet

100 1372 177 1431 Tum
200 1390 252 1430 aex
275 1369 368 1430 validi
391 1371 515 1445 juvenes
541 1387 605 1429 earn
633 1389 670 1428 ex
697 1369 757 1428 alta
783 1390 854 1447 rupe
879 1372 1046 1436 demittunt.

101 1464 211 1524 Omnea
231 1462 314 1523 taciti
333 1467 471 1524 eventum
490 1467 679 1539 exspectent3
700 1468 733 1521 at
751 1463 804 1521 illa
823 1467 921 1524 medea
940 1467 1048 1526 aerium

101 1557 158 1615 iter
169 1556 272 1633 pergit,
284 1560 314 1615 et
323 1574 427 1631 magno
441 1560 527 1615 eonto
541 1554 676 1614 defendit
689 1560 788 1615 aeutoe
798 1557 938 1634 eeopnloa
981 1558 1048 1619 Jam
1124 1585 1127 1590 >

102 1648 235 1726 pervinit
258 1648 295 1707 nd
318 1648 430 1723 nidum,
456 1653 486 1708 et
513 1647 617 1708 dextra
643 1668 766 1725 parvum
789 1649 935 1710 vultdrem
959 1656 1046 1713 tenet

102 1742 209 1802 Statim
223 1743 275 1801 dat
292 1743 408 1819 signum
428 1741 546 1801 reditr‘ra
589 1741 632 1799 At
646 1747 728 1818 pater
740 1743 841 1802 vultur
853 1744 936 1802 audit
950 1764 1049 1804 vocem

100 1836 199 1913 prolia,
215 1839 244 1894 et
257 1853 361 1911 magno
376 1834 508 1911 clangore
522 1834 650 1910 puellam
670 1836 753 1911 petit.
796 1836 854 1894 Illa
873 1841 979 1912 tamen,
994 1839 1049 1897 etei

100 1928 181 1990 saevi
204 1928 282 1988 alitia
305 1947 417 2006 unguen
441 1933 553 1988 tenerae
577 1947 681 1987 manue
705 1928 871 2003 dilacerant,
897 1931 991 1991 oultro
1019 1953 1049 1992 ee

100 2022 242 2097 defendit,
270 2041 324 2082 neo
350 2022 487 2099 praedam
514 2021 651 2081 demittit
702 2021 772 2080 Jam
794 2023 920 2099 juvenes
947 2025 1050 2085 vident

101 2115 261 2193 perieulum
275 2112 397 2190 puellae,
413 2112 664 2191 ingtmiuantque
683 2112 818 2173 laborem
862 2113 936 2175 Mox
955 2115 1049 2176 laetue

101 2214 183 2286 pater
194 2207 331 2268 audacem
344 2206 434 2266 filiam
448 2205 586 2283 amplexu
599 2210 687 2266 tenet

294 2471 303 2492 ·
406 2465 454 2531 33.
483 2451 513 2513 Τ
510 2450 550 2514 lte
565 2450 746 2516 Standard.

143 2587 292 2662 RicarduS‚
307 2605 358 2645 rex
372 2584 587 2660 Britannorum,
603 2585 672 2645 olim
689 2606 755 2646 eum
777 2586 924 2651 Solimauo
938 2592 1048 2654 bellum

103 2681 226 2760 gerebat.
281 2679 393 2738 Multos
427 2679 539 2755 equites
573 2678 753 2740 diversarum
782 2683 921 2758 gentium,
957 2688 1049 2748 eoeioe

104 2776 316 2854 adjutoresque
339 2771 418 2844 belli,
443 2771 576 2831 habebat.
598 2762 604 2770 ’
629 2773 673 2831 Hi
697 2773 780 2832 fortia
804 2775 877 2852 regie
905 2777 1048 2840 timebant

103 2870 250 2940 virtutem,
262 2867 313 2925 aed
323 2864 487 2941 snperbiam
500 2883 603 2940 parum
617 2866 760 2926 amabant
804 2866 891 2928 Forte
901 2889 952 2928 rex
962 2891 1045 2933 enum

97 2965 218 3040 ubgnum
231 2961 263 3020 in
278 2959 337 3018 alto
357 2963 387 3018 et
406 2957 514 3035 insigni
533 2958 597 3018 looo
618 2960 813 3022 oonatitnerat
857 2963 895 3022 Id
913 2966 1045 3027 movebat

103 3057 175 3116 iram
198 3053 340 3114 eoeiornm
364 3056 395 3110 et
416 3056 505 3110 uootu
529 3052 646 3129 signum
668 3053 821 3114 divellunt
863 3055 930 3116 Rex
949 3058 1046 3137 igitur,

103 3150 157 3210 ubi
169 3147 284 3224 reponit
297 3145 420 3222 signum,
436 3145 539 3221 deligit
553 3146 703 3205 auetodem
717 3147 774 3206 loci
787 3150 915 3225 equitem
930 3155 1046 3214 nomine

104 3243 274 3305 cannetum.
317 3239 380 3297 Nee
401 3238 451 3296 ille
471 3243 585 3298 tantum
606 3239 744 3299 honorem
763 3248 883 3319 moueat,
905 3250 935 3305 at
955 3246 1048 3310 laetus

102 3353 183 3396 arma
216 3331 320 3391 induit
376 3331 460 3404 Inde,
495 3332 550 3390 etei
583 3331 646 3409 ipae
679 3333 904 3413 haudquaquam
933 3337 1046 3401 hostem

103 3426 233 3500 timebat,
248 3441 349 3485 eanem
361 3421 476 3484 fidelem
490 3422 607 3499 vigiliae
619 3425 755 3486 eomitem
767 3427 926 3490 advocarit
