<?xml version="1.0" encoding="UTF-8"?>
<!DOCTYPE html PUBLIC "-//W3C//DTD XHTML 1.0 Transitional//EN"
    "http://www.w3.org/TR/xhtml1/DTD/xhtml1-transitional.dtd">
<html xmlns="http://www.w3.org/1999/xhtml" xml:lang="en" lang="en">
 <head>
  <title>
</title>
<meta http-equiv="Content-Type" content="text/html;charset=utf-8" />
  <meta name='ocr-system' content='tesseract 3.04.00' />
  <meta name='ocr-capabilities' content='ocr_page ocr_carea ocr_par ocr_line ocrx_word'/>
</head>
<body>
  <div class='ocr_page' id='page_1' title='image "./gradatim03kinggoog/gradatim03kinggoog_0035.png"; bbox 0 0 2409 3875; ppageno 0'>
   <div class='ocr_carea' id='block_1_1' title="bbox 485 202 1095 272">
    <p class='ocr_par' dir='ltr' id='par_1_1' title="bbox 485 202 1095 272">
     <span class='ocr_line' id='line_1_1' title="bbox 485 202 1095 272; baseline 0.008 -2"><span class='ocrx_word' id='word_1_1' title='bbox 485 202 758 272; x_wconf 69' lang='lat' dir='ltr'><strong>mandatione.</strong></span> <span class='ocrx_word' id='word_1_2' title='bbox 1056 209 1095 268; x_wconf 78' lang='lat'><strong>23</strong></span> 
     </span>
    </p>
   </div>
   <div class='ocr_carea' id='block_1_2' title="bbox 145 393 1095 941">
    <p class='ocr_par' dir='ltr' id='par_1_2' title="bbox 145 393 1095 941">
     <span class='ocr_line' id='line_1_2' title="bbox 147 393 1095 476; baseline 0.005 -24"><span class='ocrx_word' id='word_1_3' title='bbox 147 393 191 453; x_wconf 81' lang='lat' dir='ltr'><strong>At</strong></span> <span class='ocrx_word' id='word_1_4' title='bbox 213 414 286 472; x_wconf 91' lang='lat' dir='ltr'><strong>puer</strong></span> <span class='ocrx_word' id='word_1_5' title='bbox 304 398 356 472; x_wconf 85' lang='lat' dir='ltr'><strong>jus</strong></span> <span class='ocrx_word' id='word_1_6' title='bbox 379 397 483 457; x_wconf 90' lang='lat' dir='ltr'><strong>abnuit</strong></span> <span class='ocrx_word' id='word_1_7' title='bbox 507 404 537 457; x_wconf 87' lang='lat' dir='ltr'><strong>ct</strong></span> <span class='ocrx_word' id='word_1_8' title='bbox 560 403 725 476; x_wconf 69' lang='lat' dir='ltr'><strong>optatura</strong></span> <span class='ocrx_word' id='word_1_9' title='bbox 768 398 862 458; x_wconf 83' lang='lat' dir='ltr'><strong>Tanto</strong></span> <span class='ocrx_word' id='word_1_10' title='bbox 882 398 1002 458; x_wconf 81' lang='lat' dir='ltr'><strong>fastidio</strong></span> <span class='ocrx_word' id='word_1_11' title='bbox 1021 398 1095 458; x_wconf 88' lang='lat' dir='ltr'><strong>irata</strong></span> 
     </span>
     <span class='ocr_line' id='line_1_3' title="bbox 147 488 1093 569; baseline 0.004 -23"><span class='ocrx_word' id='word_1_12' title='bbox 147 488 248 548; x_wconf 87' lang='lat' dir='ltr'><strong>nutrix</strong></span> <span class='ocrx_word' id='word_1_13' title='bbox 271 490 370 549; x_wconf 88' lang='lat' dir='ltr'><strong>cibum</strong></span> <span class='ocrx_word' id='word_1_14' title='bbox 396 496 519 565; x_wconf 80' lang='lat' dir='ltr'><strong>umbrat,</strong></span> <span class='ocrx_word' id='word_1_15' title='bbox 544 510 735 569; x_wconf 70' lang='lat' dir='ltr'><strong>puerumque</strong></span> <span class='ocrx_word' id='word_1_16' title='bbox 762 493 800 551; x_wconf 85' lang='lat' dir='ltr'><strong>ad</strong></span> <span class='ocrx_word' id='word_1_17' title='bbox 826 490 935 551; x_wconf 92' lang='lat' dir='ltr'><strong>lectum</strong></span> <span class='ocrx_word' id='word_1_18' title='bbox 957 491 1093 567; x_wconf 79' lang='lat' dir='ltr'><strong>jejunum</strong></span> 
     </span>
     <span class='ocr_line' id='line_1_4' title="bbox 147 578 1092 661; baseline 0.006 -24"><span class='ocrx_word' id='word_1_19' title='bbox 147 578 278 641; x_wconf 73' lang='lat' dir='ltr'><strong>dimittit.</strong></span> <span class='ocrx_word' id='word_1_20' title='bbox 322 582 467 643; x_wconf 84' lang='lat' dir='ltr'><strong>Postridie</strong></span> <span class='ocrx_word' id='word_1_21' title='bbox 477 586 528 660; x_wconf 85' lang='lat' dir='ltr'><strong>jus</strong></span> <span class='ocrx_word' id='word_1_22' title='bbox 541 590 585 645; x_wconf 87' lang='lat' dir='ltr'><strong>est</strong></span> <span class='ocrx_word' id='word_1_23' title='bbox 604 586 711 645; x_wconf 90' lang='lat' dir='ltr'><strong>iterum</strong></span> <span class='ocrx_word' id='word_1_24' title='bbox 725 588 812 661; x_wconf 90' lang='lat' dir='ltr'><strong>ceput</strong></span> <span class='ocrx_word' id='word_1_25' title='bbox 825 602 931 644; x_wconf 91' lang='lat' dir='ltr'><strong>coenae</strong></span> <span class='ocrx_word' id='word_1_26' title='bbox 939 604 949 658; x_wconf 81' lang='lat'>3</span> <span class='ocrx_word' id='word_1_27' title='bbox 969 588 1000 643; x_wconf 91' lang='lat' dir='ltr'><strong>at</strong></span> <span class='ocrx_word' id='word_1_28' title='bbox 1012 603 1092 661; x_wconf 90' lang='lat' dir='ltr'><strong>puer,</strong></span> 
     </span>
     <span class='ocr_line' id='line_1_5' title="bbox 147 673 1093 753; baseline 0.006 -23"><span class='ocrx_word' id='word_1_29' title='bbox 147 673 203 731; x_wconf 85' lang='lat' dir='ltr'><strong>etsi</strong></span> <span class='ocrx_word' id='word_1_30' title='bbox 222 674 309 734; x_wconf 85' lang='lat' dir='ltr'><strong>valde</strong></span> <span class='ocrx_word' id='word_1_31' title='bbox 329 676 480 750; x_wconf 77' lang='lat' dir='ltr'><strong>esuriebat,</strong></span> <span class='ocrx_word' id='word_1_32' title='bbox 502 678 609 737; x_wconf 88' lang='lat' dir='ltr'><strong>iterum</strong></span> <span class='ocrx_word' id='word_1_33' title='bbox 635 678 785 738; x_wconf 73' lang='lat' dir='ltr'><strong>recusavit</strong></span> <span class='ocrx_word' id='word_1_34' title='bbox 839 677 975 753; x_wconf 66' lang='lat' dir='ltr'><strong>Jamque</strong></span> <span class='ocrx_word' id='word_1_35' title='bbox 1001 679 1093 736; x_wconf 81' lang='lat' dir='ltr'><strong>fames</strong></span> 
     </span>
     <span class='ocr_line' id='line_1_6' title="bbox 146 766 1093 846; baseline 0.005 -22"><span class='ocrx_word' id='word_1_36' title='bbox 146 783 250 843; x_wconf 86' lang='lat' dir='ltr'><strong>corpus</strong></span> <span class='ocrx_word' id='word_1_37' title='bbox 263 766 391 846; x_wconf 85' lang='lat' dir='ltr'><strong>Augusti</strong></span> <span class='ocrx_word' id='word_1_38' title='bbox 410 770 606 846; x_wconf 77' lang='lat' dir='ltr'><strong>consumebat,</strong></span> <span class='ocrx_word' id='word_1_39' title='bbox 621 775 720 830; x_wconf 87' lang='lat' dir='ltr'><strong>tamen</strong></span> <span class='ocrx_word' id='word_1_40' title='bbox 739 770 773 830; x_wconf 88' lang='lat' dir='ltr'><strong>iu</strong></span> <span class='ocrx_word' id='word_1_41' title='bbox 792 788 845 829; x_wconf 87' lang='lat' dir='ltr'><strong>suo</strong></span> <span class='ocrx_word' id='word_1_42' title='bbox 862 768 984 829; x_wconf 86' lang='lat' dir='ltr'><strong>consilio</strong></span> <span class='ocrx_word' id='word_1_43' title='bbox 997 788 1093 829; x_wconf 76' lang='lat' dir='ltr'><strong>mene</strong></span> 
     </span>
     <span class='ocr_line' id='line_1_7' title="bbox 145 857 971 941; baseline 0.006 -24"><span class='ocrx_word' id='word_1_44' title='bbox 145 857 198 918; x_wconf 88' lang='lat' dir='ltr'><strong>bat</strong></span> <span class='ocrx_word' id='word_1_45' title='bbox 211 878 284 936; x_wconf 89' lang='lat' dir='ltr'><strong>puer</strong></span> <span class='ocrx_word' id='word_1_46' title='bbox 291 881 301 937; x_wconf 78' lang='lat'><em>3</em></span> <span class='ocrx_word' id='word_1_47' title='bbox 321 864 352 922; x_wconf 92' lang='lat' dir='ltr'><strong>et</strong></span> <span class='ocrx_word' id='word_1_48' title='bbox 363 860 443 921; x_wconf 88' lang='lat' dir='ltr'><strong>haud</strong></span> <span class='ocrx_word' id='word_1_49' title='bbox 456 862 498 923; x_wconf 89' lang='lat' dir='ltr'><strong>ita</strong></span> <span class='ocrx_word' id='word_1_50' title='bbox 511 863 606 923; x_wconf 90' lang='lat' dir='ltr'><strong>multo</strong></span> <span class='ocrx_word' id='word_1_51' title='bbox 620 868 687 941; x_wconf 88' lang='lat' dir='ltr'><strong>post</strong></span> <span class='ocrx_word' id='word_1_52' title='bbox 700 862 837 941; x_wconf 86' lang='lat' dir='ltr'><strong>migravit</strong></span> <span class='ocrx_word' id='word_1_53' title='bbox 849 861 887 921; x_wconf 90' lang='lat' dir='ltr'><strong>de</strong></span> <span class='ocrx_word' id='word_1_54' title='bbox 900 868 971 923; x_wconf 73' lang='lat' dir='ltr'><strong>vitu.</strong></span> 
     </span>
    </p>
   </div>
   <div class='ocr_carea' id='block_1_3' title="bbox 440 1178 802 1263">
    <p class='ocr_par' dir='ltr' id='par_1_3' title="bbox 440 1178 802 1263">
     <span class='ocr_line' id='line_1_8' title="bbox 440 1178 802 1263; baseline 0.003 -20"><span class='ocrx_word' id='word_1_55' title='bbox 440 1196 489 1263; x_wconf 91' lang='lat'><strong>29.</strong></span> <span class='ocrx_word' id='word_1_56' title='bbox 515 1179 614 1246; x_wconf 77' lang='lat' dir='ltr'><strong>Cruel</strong></span> <span class='ocrx_word' id='word_1_57' title='bbox 622 1178 802 1244; x_wconf 77' lang='lat' dir='ltr'><strong>Frederick.</strong></span> 
     </span>
    </p>
   </div>
   <div class='ocr_carea' id='block_1_4' title="bbox 143 1330 1091 2249">
    <p class='ocr_par' dir='ltr' id='par_1_4' title="bbox 143 1330 1091 2249">
     <span class='ocr_line' id='line_1_9' title="bbox 186 1330 1091 1409; baseline 0.003 -20"><span class='ocrx_word' id='word_1_58' title='bbox 186 1330 362 1405; x_wconf 75' lang='lat' dir='ltr'><strong>Frederlcus,</strong></span> <span class='ocrx_word' id='word_1_59' title='bbox 377 1350 450 1409; x_wconf 90' lang='lat' dir='ltr'><strong>puer</strong></span> <span class='ocrx_word' id='word_1_60' title='bbox 469 1330 601 1406; x_wconf 74' lang='lat' dir='ltr'><strong>crudelis,</strong></span> <span class='ocrx_word' id='word_1_61' title='bbox 624 1349 685 1391; x_wconf 92' lang='lat' dir='ltr'><strong>non</strong></span> <span class='ocrx_word' id='word_1_62' title='bbox 704 1331 814 1390; x_wconf 87' lang='lat' dir='ltr'><strong>amavit</strong></span> <span class='ocrx_word' id='word_1_63' title='bbox 833 1330 987 1406; x_wconf 83' lang='lat' dir='ltr'><strong>animalia3</strong></span> <span class='ocrx_word' id='word_1_64' title='bbox 1007 1351 1091 1409; x_wconf 86' lang='lat' dir='ltr'><strong>saepe</strong></span> 
     </span>
     <span class='ocr_line' id='line_1_10' title="bbox 145 1426 1091 1505; baseline 0.002 -19"><span class='ocrx_word' id='word_1_65' title='bbox 145 1426 305 1488; x_wconf 86' lang='lat' dir='ltr'><strong>divellebat</strong></span> <span class='ocrx_word' id='word_1_66' title='bbox 324 1429 385 1489; x_wconf 66' lang='lat' dir='ltr'><strong>ales</strong></span> <span class='ocrx_word' id='word_1_67' title='bbox 403 1447 567 1487; x_wconf 89' lang='lat' dir='ltr'><strong>muscarum</strong></span> <span class='ocrx_word' id='word_1_68' title='bbox 586 1431 618 1486; x_wconf 89' lang='lat' dir='ltr'><strong>et</strong></span> <span class='ocrx_word' id='word_1_69' title='bbox 637 1426 756 1505; x_wconf 79' lang='lat' dir='ltr'><strong>corpdra</strong></span> <span class='ocrx_word' id='word_1_70' title='bbox 778 1428 964 1487; x_wconf 74' lang='lat' dir='ltr'><strong>formicarum</strong></span> <span class='ocrx_word' id='word_1_71' title='bbox 982 1428 1091 1489; x_wconf 81' lang='lat' dir='ltr'><strong>acubus</strong></span> 
     </span>
     <span class='ocr_line' id='line_1_11' title="bbox 145 1519 1091 1598; baseline 0.002 -20"><span class='ocrx_word' id='word_1_72' title='bbox 145 1520 345 1598; x_wconf 75' lang='lat' dir='ltr'><strong>transfigebat</strong></span> <span class='ocrx_word' id='word_1_73' title='bbox 414 1520 583 1597; x_wconf 80' lang='lat' dir='ltr'><strong>Aliquando</strong></span> <span class='ocrx_word' id='word_1_74' title='bbox 625 1519 751 1581; x_wconf 86' lang='lat' dir='ltr'><strong>vexabat</strong></span> <span class='ocrx_word' id='word_1_75' title='bbox 793 1520 960 1596; x_wconf 86' lang='lat' dir='ltr'><strong>Trajanum,</strong></span> <span class='ocrx_word' id='word_1_76' title='bbox 1004 1539 1091 1580; x_wconf 90' lang='lat' dir='ltr'><strong>suum</strong></span> 
     </span>
     <span class='ocr_line' id='line_1_12' title="bbox 145 1611 1091 1689; baseline 0.001 -18"><span class='ocrx_word' id='word_1_77' title='bbox 145 1631 254 1687; x_wconf 89' lang='lat' dir='ltr'><strong>canem,</strong></span> <span class='ocrx_word' id='word_1_78' title='bbox 268 1614 347 1673; x_wconf 85' lang='lat' dir='ltr'><strong>saxis</strong></span> <span class='ocrx_word' id='word_1_79' title='bbox 367 1618 397 1673; x_wconf 89' lang='lat' dir='ltr'><strong>et</strong></span> <span class='ocrx_word' id='word_1_80' title='bbox 411 1612 587 1674; x_wconf 81' lang='lat' dir='ltr'><strong>verberibus</strong></span> <span class='ocrx_word' id='word_1_81' title='bbox 631 1611 723 1689; x_wconf 80' lang='lat' dir='ltr'><strong>Saepe</strong></span> <span class='ocrx_word' id='word_1_82' title='bbox 743 1617 825 1689; x_wconf 84' lang='lat' dir='ltr'><strong>pater</strong></span> <span class='ocrx_word' id='word_1_83' title='bbox 845 1612 1030 1672; x_wconf 84' lang='lat' dir='ltr'><strong>Fredericum</strong></span> <span class='ocrx_word' id='word_1_84' title='bbox 1049 1614 1091 1672; x_wconf 90' lang='lat' dir='ltr'><strong>ita</strong></span> 
     </span>
     <span class='ocr_line' id='line_1_13' title="bbox 145 1704 1091 1779; baseline 0.001 -15"><span class='ocrx_word' id='word_1_85' title='bbox 145 1706 276 1765; x_wconf 87' lang='lat' dir='ltr'><strong>monuit:</strong></span> <span class='ocrx_word' id='word_1_86' title='bbox 299 1709 317 1739; x_wconf 87' lang='lat'><strong>“</strong></span> <span class='ocrx_word' id='word_1_87' title='bbox 326 1705 404 1766; x_wconf 81' lang='lat' dir='ltr'><strong>Cave</strong></span> <span class='ocrx_word' id='word_1_88' title='bbox 417 1724 525 1779; x_wconf 76' lang='lat' dir='ltr'><strong>mnam,</strong></span> <span class='ocrx_word' id='word_1_89' title='bbox 537 1723 635 1764; x_wconf 91' lang='lat' dir='ltr'><strong>nonne</strong></span> <span class='ocrx_word' id='word_1_90' title='bbox 648 1704 751 1765; x_wconf 83' lang='lat' dir='ltr'><strong>dentes</strong></span> <span class='ocrx_word' id='word_1_91' title='bbox 763 1705 853 1764; x_wconf 91' lang='lat' dir='ltr'><strong>habet</strong></span> <span class='ocrx_word' id='word_1_92' title='bbox 865 1706 1008 1765; x_wconf 62' lang='grc' dir='ltr'><strong>ιιοιὶιοεῒη</strong></span> <span class='ocrx_word' id='word_1_93' title='bbox 1048 1706 1091 1765; x_wconf 84' lang='lat' dir='ltr'><strong>At</strong></span> 
     </span>
     <span class='ocr_line' id='line_1_14' title="bbox 144 1797 1090 1876; baseline 0 -19"><span class='ocrx_word' id='word_1_94' title='bbox 144 1816 217 1874; x_wconf 90' lang='lat' dir='ltr'><strong>puer</strong></span> <span class='ocrx_word' id='word_1_95' title='bbox 229 1798 319 1859; x_wconf 81' lang='lat' dir='ltr'><strong>rerba</strong></span> <span class='ocrx_word' id='word_1_96' title='bbox 338 1799 429 1876; x_wconf 89' lang='lat' dir='ltr'><strong>patris</strong></span> <span class='ocrx_word' id='word_1_97' title='bbox 448 1798 571 1875; x_wconf 85' lang='lat' dir='ltr'><strong>negligit</strong></span> <span class='ocrx_word' id='word_1_98' title='bbox 591 1802 622 1857; x_wconf 91' lang='lat' dir='ltr'><strong>et</strong></span> <span class='ocrx_word' id='word_1_99' title='bbox 641 1816 731 1858; x_wconf 89' lang='lat' dir='ltr'><strong>manu</strong></span> <span class='ocrx_word' id='word_1_100' title='bbox 751 1797 873 1857; x_wconf 88' lang='lat' dir='ltr'><strong>caudam</strong></span> <span class='ocrx_word' id='word_1_101' title='bbox 893 1797 991 1857; x_wconf 86' lang='lat' dir='ltr'><strong>miseri</strong></span> <span class='ocrx_word' id='word_1_102' title='bbox 1011 1798 1090 1857; x_wconf 90' lang='lat' dir='ltr'><strong>canis</strong></span> 
     </span>
     <span class='ocr_line' id='line_1_15' title="bbox 144 1889 1090 1970; baseline -0.001 -18"><span class='ocrx_word' id='word_1_103' title='bbox 144 1897 268 1970; x_wconf 87' lang='lat' dir='ltr'><strong>torquet.</strong></span> <span class='ocrx_word' id='word_1_104' title='bbox 309 1891 372 1952; x_wconf 91' lang='lat' dir='ltr'><strong>Diu</strong></span> <span class='ocrx_word' id='word_1_105' title='bbox 391 1892 532 1969; x_wconf 85' lang='lat' dir='ltr'><strong>Trajanus</strong></span> <span class='ocrx_word' id='word_1_106' title='bbox 554 1909 616 1950; x_wconf 88' lang='lat' dir='ltr'><strong>rem</strong></span> <span class='ocrx_word' id='word_1_107' title='bbox 638 1892 784 1968; x_wconf 87' lang='lat' dir='ltr'><strong>patienter</strong></span> <span class='ocrx_word' id='word_1_108' title='bbox 806 1889 917 1951; x_wconf 66' lang='lat' dir='ltr'><strong>tolerat</strong></span> <span class='ocrx_word' id='word_1_109' title='bbox 960 1889 1090 1951; x_wconf 87' lang='lat' dir='ltr'><strong>Tandem</strong></span> 
     </span>
     <span class='ocr_line' id='line_1_16' title="bbox 144 1983 1090 2061; baseline -0.001 -17"><span class='ocrx_word' id='word_1_110' title='bbox 144 1986 235 2044; x_wconf 89' lang='lat' dir='ltr'><strong>iratus</strong></span> <span class='ocrx_word' id='word_1_111' title='bbox 260 1987 374 2046; x_wconf 87' lang='lat' dir='ltr'><strong>mordet</strong></span> <span class='ocrx_word' id='word_1_112' title='bbox 401 1986 533 2045; x_wconf 85' lang='lat' dir='ltr'><strong>dextram</strong></span> <span class='ocrx_word' id='word_1_113' title='bbox 559 1986 650 2061; x_wconf 84' lang='lat' dir='ltr'><strong>pueri.</strong></span> <span class='ocrx_word' id='word_1_114' title='bbox 697 1984 867 2046; x_wconf 87' lang='lat' dir='ltr'><strong>Fredericus</strong></span> <span class='ocrx_word' id='word_1_115' title='bbox 893 1983 996 2043; x_wconf 89' lang='lat' dir='ltr'><strong>multis</strong></span> <span class='ocrx_word' id='word_1_116' title='bbox 1023 2003 1090 2043; x_wconf 91' lang='lat' dir='ltr'><strong>cum</strong></span> 
     </span>
     <span class='ocr_line' id='line_1_17' title="bbox 143 2076 1088 2158; baseline 0 -20"><span class='ocrx_word' id='word_1_117' title='bbox 143 2078 269 2138; x_wconf 77' lang='lat' dir='ltr'><strong>lacrimis</strong></span> <span class='ocrx_word' id='word_1_118' title='bbox 296 2083 407 2157; x_wconf 89' lang='lat' dir='ltr'><strong>patrem</strong></span> <span class='ocrx_word' id='word_1_119' title='bbox 433 2078 539 2158; x_wconf 80' lang='lat' dir='ltr'><strong>petit.¹</strong></span> <span class='ocrx_word' id='word_1_120' title='bbox 574 2077 664 2138; x_wconf 84' lang='lat' dir='ltr'><strong>“Gur</strong></span> <span class='ocrx_word' id='word_1_121' title='bbox 696 2077 841 2154; x_wconf 83' lang='lat' dir='ltr'><strong>tandem,”</strong></span> <span class='ocrx_word' id='word_1_122' title='bbox 867 2076 965 2155; x_wconf 88' lang='lat' dir='ltr'><strong>inquit</strong></span> <span class='ocrx_word' id='word_1_123' title='bbox 998 2083 1088 2154; x_wconf 85' lang='lat' dir='ltr'><strong>peter,</strong></span> 
     </span>
     <span class='ocr_line' id='line_1_18' title="bbox 145 2167 659 2249; baseline 0.004 -20"><span class='ocrx_word' id='word_1_124' title='bbox 145 2173 165 2206; x_wconf 80' lang='lat'><strong>‘⁴</strong></span> <span class='ocrx_word' id='word_1_125' title='bbox 172 2188 269 2230; x_wconf 86' lang='lat' dir='ltr'><strong>meum</strong></span> <span class='ocrx_word' id='word_1_126' title='bbox 282 2171 435 2242; x_wconf 73' lang='lat' dir='ltr'><strong>consilium</strong></span> <span class='ocrx_word' id='word_1_127' title='bbox 447 2167 633 2249; x_wconf 77' lang='lat' dir='ltr'><strong>negligebant</strong></span> <span class='ocrx_word' id='word_1_128' title='bbox 643 2172 659 2202; x_wconf 88' lang='lat'><strong>’&#39;</strong></span> 
     </span>
    </p>
   </div>
   <div class='ocr_carea' id='block_1_5' title="bbox 411 2482 821 2566">
    <p class='ocr_par' dir='ltr' id='par_1_5' title="bbox 411 2482 821 2566">
     <span class='ocr_line' id='line_1_19' title="bbox 411 2482 821 2566; baseline -0.002 -17"><span class='ocrx_word' id='word_1_129' title='bbox 411 2502 459 2566; x_wconf 87' lang='lat'><strong>30.</strong></span> <span class='ocrx_word' id='word_1_130' title='bbox 482 2485 606 2550; x_wconf 84' lang='lat' dir='ltr'><strong>Follow</strong></span> <span class='ocrx_word' id='word_1_131' title='bbox 621 2482 672 2549; x_wconf 80' lang='lat' dir='ltr'><strong>tte</strong></span> <span class='ocrx_word' id='word_1_132' title='bbox 686 2484 821 2549; x_wconf 80' lang='lat' dir='ltr'><strong>Leader.</strong></span> 
     </span>
    </p>
   </div>
   <div class='ocr_carea' id='block_1_6' title="bbox 139 2634 1088 2993">
    <p class='ocr_par' dir='ltr' id='par_1_6' title="bbox 139 2634 1088 2993">
     <span class='ocr_line' id='line_1_20' title="bbox 183 2634 1087 2715; baseline -0.006 -15"><span class='ocrx_word' id='word_1_133' title='bbox 183 2641 295 2714; x_wconf 85' lang='lat' dir='ltr'><strong>Pastor,</strong></span> <span class='ocrx_word' id='word_1_134' title='bbox 320 2639 438 2698; x_wconf 89' lang='lat' dir='ltr'><strong>nomine</strong></span> <span class='ocrx_word' id='word_1_135' title='bbox 460 2638 635 2715; x_wconf 83' lang='lat' dir='ltr'><strong>Panurgius,</strong></span> <span class='ocrx_word' id='word_1_136' title='bbox 657 2637 765 2696; x_wconf 85' lang='lat' dir='ltr'><strong>multae</strong></span> <span class='ocrx_word' id='word_1_137' title='bbox 789 2655 858 2695; x_wconf 85' lang='lat' dir='ltr'><strong>ores</strong></span> <span class='ocrx_word' id='word_1_138' title='bbox 885 2634 1030 2711; x_wconf 83' lang='lat' dir='ltr'><strong>habebat3</strong></span> <span class='ocrx_word' id='word_1_139' title='bbox 1057 2643 1087 2695; x_wconf 91' lang='lat' dir='ltr'><strong>at</strong></span> 
     </span>
     <span class='ocr_line' id='line_1_21' title="bbox 143 2727 1087 2807; baseline -0.001 -17"><span class='ocrx_word' id='word_1_140' title='bbox 143 2732 226 2792; x_wconf 85' lang='lat' dir='ltr'><strong>dives</strong></span> <span class='ocrx_word' id='word_1_141' title='bbox 249 2731 363 2792; x_wconf 86' lang='lat' dir='ltr'><strong>ricinus</strong></span> <span class='ocrx_word' id='word_1_142' title='bbox 387 2730 494 2807; x_wconf 87' lang='lat' dir='ltr'><strong>viginti</strong></span> <span class='ocrx_word' id='word_1_143' title='bbox 520 2750 557 2790; x_wconf 92' lang='lat' dir='ltr'><strong>ex</strong></span> <span class='ocrx_word' id='word_1_144' title='bbox 583 2749 704 2790; x_wconf 89' lang='lat' dir='ltr'><strong>numero</strong></span> <span class='ocrx_word' id='word_1_145' title='bbox 731 2729 876 2788; x_wconf 77' lang='lat' dir='ltr'><strong>subducit</strong></span> <span class='ocrx_word' id='word_1_146' title='bbox 919 2727 1024 2788; x_wconf 89' lang='lat' dir='ltr'><strong>Pastor</strong></span> <span class='ocrx_word' id='word_1_147' title='bbox 1050 2731 1087 2789; x_wconf 86' lang='lat' dir='ltr'><strong>ad</strong></span> 
     </span>
     <span class='ocr_line' id='line_1_22' title="bbox 139 2821 1088 2901; baseline 0 -18"><span class='ocrx_word' id='word_1_148' title='bbox 139 2823 271 2901; x_wconf 83' lang='lat' dir='ltr'><strong>judicem</strong></span> <span class='ocrx_word' id='word_1_149' title='bbox 295 2823 437 2900; x_wconf 69' lang='lat' dir='ltr'><strong>prbperat,</strong></span> <span class='ocrx_word' id='word_1_150' title='bbox 465 2824 627 2900; x_wconf 66' lang='lat' dir='ltr'><strong>furemque</strong></span> <span class='ocrx_word' id='word_1_151' title='bbox 653 2827 775 2882; x_wconf 81' lang='lat' dir='ltr'><strong>accusat.</strong></span> <span class='ocrx_word' id='word_1_152' title='bbox 828 2821 887 2882; x_wconf 81' lang='lat' dir='ltr'><strong>Sed</strong></span> <span class='ocrx_word' id='word_1_153' title='bbox 910 2822 1012 2898; x_wconf 83' lang='lat' dir='ltr'><strong>judex,</strong></span> <span class='ocrx_word' id='word_1_154' title='bbox 1041 2825 1088 2883; x_wconf 86' lang='lat' dir='ltr'><strong>vir</strong></span> 
     </span>
     <span class='ocr_line' id='line_1_23' title="bbox 142 2915 1084 2993; baseline 0.001 -18"><span class='ocrx_word' id='word_1_155' title='bbox 142 2915 322 2991; x_wconf 86' lang='lat' dir='ltr'><strong>inhonestus,</strong></span> <span class='ocrx_word' id='word_1_156' title='bbox 336 2935 405 2993; x_wconf 87' lang='lat' dir='ltr'><strong>prae</strong></span> <span class='ocrx_word' id='word_1_157' title='bbox 417 2917 521 2976; x_wconf 91' lang='lat' dir='ltr'><strong>timore</strong></span> <span class='ocrx_word' id='word_1_158' title='bbox 534 2916 637 2976; x_wconf 85' lang='lat' dir='ltr'><strong>divitie</strong></span> <span class='ocrx_word' id='word_1_159' title='bbox 650 2916 708 2975; x_wconf 88' lang='lat' dir='ltr'><strong>viri</strong></span> <span class='ocrx_word' id='word_1_160' title='bbox 720 2919 817 2992; x_wconf 65' lang='lat' dir='ltr'><strong>preces</strong></span> <span class='ocrx_word' id='word_1_161' title='bbox 829 2915 953 2991; x_wconf 84' lang='lat' dir='ltr'><strong>pastoris</strong></span> <span class='ocrx_word' id='word_1_162' title='bbox 965 2917 1084 2992; x_wconf 87' lang='lat' dir='ltr'><strong>spernit</strong></span> 
     </span>
    </p>
   </div>
   <div class='ocr_carea' id='block_1_7' title="bbox 141 3007 1087 3459">
    <p class='ocr_par' dir='ltr' id='par_1_7' title="bbox 141 3007 1087 3459">
     <span class='ocr_line' id='line_1_24' title="bbox 143 3007 1084 3090; baseline 0 -20"><span class='ocrx_word' id='word_1_163' title='bbox 143 3010 218 3070; x_wconf 84' lang='lat' dir='ltr'><strong>Turn</strong></span> <span class='ocrx_word' id='word_1_164' title='bbox 232 3013 329 3087; x_wconf 87' lang='lat' dir='ltr'><strong>pastor</strong></span> <span class='ocrx_word' id='word_1_165' title='bbox 341 3008 491 3069; x_wconf 88' lang='lat' dir='ltr'><strong>humiliter</strong></span> <span class='ocrx_word' id='word_1_166' title='bbox 500 3009 658 3090; x_wconf 74' lang='lat' dir='ltr'><strong>aceeditad</strong></span> <span class='ocrx_word' id='word_1_167' title='bbox 672 3009 783 3070; x_wconf 81' lang='lat' dir='ltr'><strong>furam:</strong></span> <span class='ocrx_word' id='word_1_168' title='bbox 806 3011 824 3042; x_wconf 88' lang='lat'>“</span> <span class='ocrx_word' id='word_1_169' title='bbox 833 3007 967 3081; x_wconf 86' lang='lat' dir='ltr'><strong>Retine,’&#39;</strong></span> <span class='ocrx_word' id='word_1_170' title='bbox 979 3009 1084 3087; x_wconf 91' lang='lat' dir='ltr'><strong>inquit,</strong></span> 
     </span>
     <span class='ocr_line' id='line_1_25' title="bbox 146 3101 1084 3179; baseline 0.001 -17"><span class='ocrx_word' id='word_1_171' title='bbox 146 3107 248 3175; x_wconf 87' lang='lat' dir='ltr'><strong>“oves,</strong></span> <span class='ocrx_word' id='word_1_172' title='bbox 273 3102 311 3163; x_wconf 87' lang='lat' dir='ltr'><strong>de</strong></span> <span class='ocrx_word' id='word_1_173' title='bbox 336 3103 412 3162; x_wconf 90' lang='lat' dir='ltr'><strong>mihi</strong></span> <span class='ocrx_word' id='word_1_174' title='bbox 437 3107 536 3162; x_wconf 87' lang='lat' dir='ltr'><strong>tamen</strong></span> <span class='ocrx_word' id='word_1_175' title='bbox 563 3101 690 3174; x_wconf 86' lang='lat' dir='ltr'><strong>arietem,</strong></span> <span class='ocrx_word' id='word_1_176' title='bbox 719 3101 823 3161; x_wconf 91' lang='lat' dir='ltr'><strong>ducem</strong></span> <span class='ocrx_word' id='word_1_177' title='bbox 848 3102 967 3179; x_wconf 83' lang='lat' dir='ltr'><strong>gregis.’&#39;</strong></span> <span class='ocrx_word' id='word_1_178' title='bbox 1016 3103 1084 3176; x_wconf 88' lang='lat' dir='ltr'><strong>Fur,</strong></span> 
     </span>
     <span class='ocr_line' id='line_1_26' title="bbox 143 3192 1087 3271; baseline 0 -15"><span class='ocrx_word' id='word_1_179' title='bbox 143 3197 284 3270; x_wconf 86' lang='lat' dir='ltr'><strong>incautus,</strong></span> <span class='ocrx_word' id='word_1_180' title='bbox 309 3197 426 3256; x_wconf 82' lang='lat' dir='ltr'><strong>arietem</strong></span> <span class='ocrx_word' id='word_1_181' title='bbox 463 3194 522 3254; x_wconf 83' lang='lat' dir='ltr'><strong>dat</strong></span> <span class='ocrx_word' id='word_1_182' title='bbox 578 3192 648 3253; x_wconf 77' lang='lat' dir='ltr'><strong>dam</strong></span> <span class='ocrx_word' id='word_1_183' title='bbox 687 3200 785 3271; x_wconf 88' lang='lat' dir='ltr'><strong>pastor</strong></span> <span class='ocrx_word' id='word_1_184' title='bbox 811 3195 891 3255; x_wconf 91' lang='lat' dir='ltr'><strong>tollit</strong></span> <span class='ocrx_word' id='word_1_185' title='bbox 917 3195 1027 3256; x_wconf 86' lang='lat' dir='ltr'><strong>animal</strong></span> <span class='ocrx_word' id='word_1_186' title='bbox 1053 3197 1087 3256; x_wconf 92' lang='lat' dir='ltr'><strong>in</strong></span> 
     </span>
     <span class='ocr_line' id='line_1_27' title="bbox 143 3285 1086 3365; baseline 0 -16"><span class='ocrx_word' id='word_1_187' title='bbox 143 3289 277 3350; x_wconf 88' lang='lat' dir='ltr'><strong>humeros</strong></span> <span class='ocrx_word' id='word_1_188' title='bbox 296 3296 328 3349; x_wconf 90' lang='lat' dir='ltr'><strong>ct</strong></span> <span class='ocrx_word' id='word_1_189' title='bbox 346 3288 476 3350; x_wconf 90' lang='lat' dir='ltr'><strong>discedit.</strong></span> <span class='ocrx_word' id='word_1_190' title='bbox 519 3285 562 3348; x_wconf 83' lang='lat' dir='ltr'><strong>At</strong></span> <span class='ocrx_word' id='word_1_191' title='bbox 584 3306 653 3348; x_wconf 84' lang='lat' dir='ltr'><strong>oves</strong></span> <span class='ocrx_word' id='word_1_192' title='bbox 673 3287 800 3347; x_wconf 89' lang='lat' dir='ltr'><strong>audiunt</strong></span> <span class='ocrx_word' id='word_1_193' title='bbox 819 3291 920 3348; x_wconf 83' lang='lat' dir='ltr'><strong>rocem</strong></span> <span class='ocrx_word' id='word_1_194' title='bbox 943 3287 1035 3365; x_wconf 86' lang='lat' dir='ltr'><strong>ducis,</strong></span> <span class='ocrx_word' id='word_1_195' title='bbox 1055 3293 1086 3349; x_wconf 90' lang='lat' dir='ltr'><strong>et</strong></span> 
     </span>
     <span class='ocr_line' id='line_1_28' title="bbox 141 3380 813 3459; baseline -0.003 -15"><span class='ocrx_word' id='word_1_196' title='bbox 141 3384 293 3444; x_wconf 86' lang='lat' dir='ltr'><strong>universae</strong></span> <span class='ocrx_word' id='word_1_197' title='bbox 306 3387 410 3442; x_wconf 91' lang='lat' dir='ltr'><strong>notum</strong></span> <span class='ocrx_word' id='word_1_198' title='bbox 423 3380 500 3442; x_wconf 77' lang='lat' dir='ltr'><strong>boile</strong></span> <span class='ocrx_word' id='word_1_199' title='bbox 515 3382 562 3441; x_wconf 90' lang='lat' dir='ltr'><strong>sui</strong></span> <span class='ocrx_word' id='word_1_200' title='bbox 575 3381 687 3442; x_wconf 90' lang='lat' dir='ltr'><strong>domini</strong></span> <span class='ocrx_word' id='word_1_201' title='bbox 699 3386 813 3459; x_wconf 90' lang='lat' dir='ltr'><strong>petunt</strong></span> 
     </span>
    </p>
   </div>
   <div class='ocr_carea' id='block_1_8' title="bbox 0 0 1210 3875">
    <p class='ocr_par' dir='ltr' id='par_1_8' title="bbox 0 0 1210 3875">
     <span class='ocr_line' id='line_1_29' title="bbox 0 0 1210 3875; baseline 0 2"><span class='ocrx_word' id='word_1_202' title='bbox 0 0 1210 3875; x_wconf 95' lang='lat' dir='ltr'><strong> </strong></span> 
     </span>
    </p>
   </div>
  </div>
 </body>
</html>
