2409 3875
527 248 804 318 Translations

371 579 438 644 119.
465 561 543 626 Two
556 581 617 625 can
624 561 705 643 play
718 571 757 625 ot
769 559 843 626 that
858 561 967 629 Gamo.

235 712 300 772 Hoc
313 711 366 772 ubi
379 713 515 788 cognovit
535 711 598 771 dux
617 711 764 771 latronum
780 731 896 773 sucrum
910 713 1140 790 callidissimum,

193 808 236 866 rei
245 805 439 883 exquirendae
452 809 544 887 causa,
559 805 598 864 ad
618 804 721 864 urbem
734 806 821 866 misit
865 806 922 881 Qui
936 807 1054 884 quidem
1068 808 1141 868 dum

94 934 104 951 .
193 900 295 959 urbem
308 903 443 976 pererrat,
456 899 531 958 forte
552 898 675 958 occurrit
695 899 797 958 sartori
811 899 934 974 cuidam,
950 903 1002 978 qui
1015 921 1033 961 a
1046 901 1141 962 Balbo

190 995 297 1069 jussus,
312 992 410 1051 fratris
422 992 552 1052 membra
564 991 687 1067 disjecta
699 1010 753 1050 acu
768 993 907 1076 junxerat
921 992 1037 1071 (corpus
1050 996 1139 1070 enim,

193 1086 226 1144 in
238 1089 375 1163 quattuor
388 1089 483 1162 partes
496 1084 632 1157 divisum,
648 1084 763 1161 sepeliri
776 1082 853 1161 leges
867 1085 1026 1162 vetabant).
1071 1087 1139 1162 Hic,

193 1179 239 1238 vir
250 1178 367 1256 loquax,
384 1177 527 1237 alatrono
546 1176 652 1236 callide
672 1177 873 1253 interrogatus,
896 1196 956 1236 non
976 1179 1062 1238 modo
1078 1199 1141 1240 rem

193 1290 308 1331 omnem
335 1269 485 1347 quaerenti
512 1268 687 1345 divulgavit,
712 1269 764 1328 sed
791 1268 910 1328 domum
938 1271 1025 1329 etiam
1053 1271 1141 1332 Balbi

193 1363 330 1426 ostendit.
371 1363 447 1422 Inde
466 1362 549 1436 latro,
564 1367 719 1439 postquam
739 1362 815 1421 fores
833 1367 910 1422 creta
929 1368 1087 1438 notaverat,
1104 1367 1141 1424 ad

193 1462 310 1516 antrum
332 1455 439 1531 rediit3
461 1459 619 1532 noctuque
642 1454 762 1513 comites
785 1454 822 1513 ad
845 1455 941 1514 locum
965 1457 1059 1518 duxit.
1103 1460 1141 1519 Id

193 1556 291 1610 tamen
311 1549 391 1626 quod
413 1549 488 1608 latro
512 1547 619 1606 feceret
642 1565 704 1605 non
724 1546 862 1624 effugerat
885 1547 971 1607 Balbi
994 1550 1139 1624 ancillam,
1201 1595 1203 1600 .

194 1662 267 1720 quae
287 1641 442 1701 consilium
461 1642 525 1717 ejus
544 1637 690 1716 suspicata
713 1639 864 1699 domorum
883 1640 1044 1702 vicinarum
1065 1644 1141 1703 loros

194 1735 295 1794 eodem
321 1734 407 1792 modo
433 1737 591 1792 notaverat
641 1731 781 1790 Latrones
805 1731 903 1807 igitur,
925 1735 1005 1811 quod
1028 1736 1142 1796 inimici

194 1829 314 1887 domum
326 1844 493 1903 cognoscere
506 1843 567 1884 non
580 1828 723 1901 poterant,
738 1824 770 1882 in
783 1824 872 1884 silvas
884 1825 960 1886 irriti
973 1829 1128 1892 redierunt

450 2086 517 2137 120.
547 2068 613 2133 Tlre
626 2070 727 2151 Forty
746 2071 777 2137 T
773 2071 885 2139 hisces.

235 2208 355 2268 Postero
378 2206 426 2266 die
449 2207 510 2265 dux
533 2205 688 2280 latronum,
711 2206 749 2266 ad
769 2208 853 2267 aedes
877 2209 962 2270 Balbi
982 2211 1020 2270 ab
1041 2213 1142 2274 eodem

195 2307 302 2362 sertore
310 2299 736 2375 ductus,naturamlocioculis
746 2303 1140 2369 accuratissimeobservavit

196 2395 272 2454 Inde
294 2393 401 2469 viginti
429 2392 532 2466 asinos,
557 2392 637 2452 vasis
660 2393 837 2471 ingentibus⁴
852 2401 983 2455 oneratos
1010 2401 1143 2475 paravit3

196 2505 319 2564 quornm
337 2504 430 2544 unum
454 2486 574 2562 quidem
597 2485 662 2544 oleo
683 2486 836 2562 implevit3
856 2486 889 2545 in
912 2488 1022 2566 reliqua
1044 2497 1142 2553 tamen

196 2578 310 2655 singula
319 2578 404 2637 binos
415 2577 529 2637 abdidit
538 2578 673 2637 latrones.
713 2576 829 2637 Deinde
837 2582 1142 2656 vesperimercatorem

196 2670 337 2730 simulans
355 2670 394 2729 ad
413 2670 515 2730 urbem
535 2689 600 2729 cum
622 2670 711 2729 asinis
732 2671 877 2747 profectus
898 2677 950 2747 est,
966 2681 995 2734 et
1008 2696 1026 2735 a
1039 2677 1140 2752 Balbo,

196 2782 282 2841 quem
302 2782 355 2840 pro
375 2762 495 2822 aedibus
515 2763 663 2821 sedentem
682 2762 805 2839 invenit,
820 2763 980 2841 hospitium
1000 2768 1058 2827 sibi
1071 2771 1141 2828 suis

196 2875 253 2933 que
266 2857 359 2933 petiit
402 2853 502 2932 Aquo
515 2855 641 2932 benigne
656 2860 788 2932 acceptus
801 2874 870 2915 vass
890 2860 987 2919 omnia
1005 2861 1038 2920 in
1057 2862 1141 2923 horto

196 2949 348 3027 disposuit,
370 2947 556 3025 comitesque
575 2948 692 3023 signum
715 2948 834 3007 silentes
858 2956 1022 3028 exspectare
1041 2956 1137 3031 jussit

197 3042 240 3102 At
254 3040 361 3101 ancilla
380 3039 488 3113 eadem,
503 3058 585 3116 quae,
601 3040 673 3099 dum
692 3040 755 3099 dux
774 3041 920 3102 latronum
941 3064 1007 3104 cum
1024 3048 1140 3109 domino

196 3124 256 3194 suo'
273 3136 383 3207 coenat,
404 3132 536 3191 fraudem
559 3137 751 3209 perspexerat,
778 3132 874 3193 oleum
897 3155 934 3195 ex
957 3139 1051 3215 primo
1075 3137 1141 3202 vaso

196 3227 363 3300 deductum,
384 3230 472 3302 atque
491 3225 558 3301 igne
578 3229 698 3300 tostum,
713 3226 883 3303 latronibus,
898 3230 950 3307 qui
970 3232 1003 3290 in
1023 3233 1142 3311 reliquis

196 3321 274 3380 vasis
285 3318 425 3392 latebant,
440 3318 542 3394 injecit
556 3336 724 3395 omnesque
738 3319 775 3376 ad
789 3338 881 3379 unum
895 3323 1054 3387 suffocavit
