2409 3875
452 236 725 306 Translations.

346 572 414 639 143.
436 559 514 622 Two
530 555 689 637 Nauglzty
710 556 740 619 T
738 554 829 620 ricks.

152 709 217 786 Quia
236 729 267 770 re
283 710 368 770 valde
385 711 544 769 delectatus
559 708 638 767 Nero
651 711 744 767 novoe
758 707 867 767 fraudis
882 706 1059 768 occasionem

111 803 272 878 quaerebat.
316 804 390 862 Mox
400 809 497 862 autem
507 803 570 862 viro
580 819 673 877 caeco,
685 799 737 877 qui
748 800 800 859 vix
813 800 917 860 baculo
931 819 1060 878 gressum

111 895 261 971 dirigebat,
277 894 394 955 obviem
411 896 474 955 ivit.
518 894 575 956 Cui
589 891 676 968 Nero,
694 893 754 954 “Si
768 893 839 967 vis‚”
854 895 959 971 iuquit,
977 898 1061 953 “ms-

111 1006 177 1046 cum
193 987 248 1046 hac
269 988 351 1047 molli
375 989 442 1048 sede
464 989 620 1060 considere,
636 987 748 1063 aliquid
772 987 831 1046 cibi
856 987 912 1045 tibi
935 987 1061 1047 libenter

111 1080 213 1140 dabo.''
255 1080 368 1156 Quibus
388 1080 489 1149 verbis,
509 1081 627 1139 eumad
643 1079 740 1138 locum
764 1079 822 1152 ndo
847 1080 914 1138 fimo
939 1078 1059 1156 plenum

111 1173 205 1248 duxit,
222 1177 251 1232 et
271 1174 384 1250 aliquid
404 1173 474 1247 fimi,
490 1173 548 1232 cibi
568 1173 671 1249 specie,
687 1171 720 1230 in
741 1189 772 1230 os
793 1172 915 1230 inserere
940 1178 1059 1232 conatus

111 1271 161 1325 est.
203 1265 247 1324 At
268 1285 376 1339 caecus,
391 1267 444 1343 qui
465 1265 597 1323 standene
620 1268 753 1336 senserat,
770 1264 894 1340 digitum
916 1265 998 1341 pueri
1017 1265 1058 1324 ita

110 1358 213 1416 acriter
239 1359 403 1430 momordit,
429 1363 463 1416 ut
491 1357 541 1415 ille
568 1356 670 1414 multis
697 1374 764 1414 cum
791 1356 915 1415 lacrimis
942 1357 1059 1416 veniam

110 1455 225 1526 peterat
269 1451 299 1510 N
300 1469 316 1508 e
336 1451 390 1508 hnc
404 1449 523 1526 quidem
543 1453 636 1526 poena'a
651 1449 720 1507 satis
735 1449 845 1522 doctus,
861 1449 957 1508 virum
971 1469 1060 1527 qusn-

110 1543 177 1602 dsm
191 1542 281 1602 altero
294 1543 368 1620 pede
378 1543 513 1602 claudum
528 1561 676 1619 aggressus
690 1545 740 1614 est,
754 1548 791 1615 et,
804 1560 895 1617 quum
909 1543 1059 1602 denarium

109 1641 277 1712 argenteum
298 1642 367 1694 ante
388 1635 476 1712 pedes
498 1635 673 1712 projecisset,
690 1634 727 1692 de
747 1638 822 1692 terri
842 1633 942 1693 tollere
960 1636 1055 1711 jussit.

109 1729 158 1801 At,
175 1730 245 1788 dum
265 1729 317 1788 ille
330 1729 432 1788 baculo
452 1729 547 1788 fultus
561 1729 694 1787 dextram
711 1727 748 1786 ad
763 1726 914 1786 denarium
927 1727 1054 1804 porrigit,

109 1822 158 1879 hic
179 1821 315 1881 baculum
336 1823 465 1899 anipuit,
481 1823 522 1881 ita
542 1826 577 1881 ut
596 1821 683 1881 illum
702 1821 740 1880 ad
753 1825 858 1880 terram
871 1821 1057 1900 praecipitem

110 1914 254 1991 dejiceret

321 2144 388 2223 146.
412 2144 443 2207 A
465 2142 604 2227 Chapter
617 2145 661 2227 os
668 2144 849 2211 Accidens.

149 2292 224 2352 Inde
237 2292 268 2352 N
268 2312 325 2368 ero,
336 2295 384 2353 cui
395 2312 544 2353 successus
560 2293 692 2352 animum
705 2293 863 2367 addiderat,
876 2312 968 2370 poma,
985 2313 1058 2371 ques

109 2404 146 2445 cx
160 2386 259 2445 arbore
272 2386 435 2463 propinque
449 2386 661 2463 dependebant,
678 2404 775 2462 rapere
796 2387 956 2447 constituit.
1000 2387 1058 2462 Qui

109 2498 200 2555 quum
220 2480 252 2536 in
272 2479 401 2538 arborem
425 2479 608 2553 ascendisset,
631 2479 668 2538 ab
692 2480 816 2555 agricola
836 2481 898 2539 viro
921 2480 1058 2540 iracundo
1160 2546 1166 2563 ἢ

109 2577 219 2649 captus,
232 2573 358 2648 graviter
370 2573 537 2633 verberatus
550 2578 602 2633 eet.
648 2572 735 2631 Hunc
754 2577 908 2650 postquam
924 2574 1015 2633 tristis
1030 2580 1058 2633 et

109 2665 223 2724 saucius
250 2665 361 2742 effugit,
381 2666 419 2724 ab
446 2666 509 2743 ipso
538 2665 650 2741 claudo,
673 2666 725 2743 qui
746 2666 913 2725 inocculto
940 2666 1056 2741 latebat,

109 2776 270 2835 oppressus,
281 2758 387 2817 iterum
401 2765 430 2817 ct
444 2759 537 2819 acrius
551 2759 718 2819 verberatus
732 2763 783 2821 est.
826 2758 926 2837 aquo
940 2760 1058 2819 tandem

108 2852 255 2924 liberatus,
266 2852 345 2928 quod
354 2851 503 2911 ambulare
514 2871 581 2929 prae
589 2852 687 2912 dolore
699 2871 758 2911 non
766 2858 887 2930 poteret,
897 2853 929 2911 iu
940 2872 1056 2930 equum,

109 2946 160 3021 qui
173 2951 290 3021 propter
303 2944 382 3003 viam
400 2944 582 3022 pascebatur,
596 2946 734 3005 escendit.
778 2946 836 3005 Hic
850 2952 948 3006 temen
961 2947 1013 3005 tali
1027 2966 1058 3006 re

108 3037 228 3095 minime
241 3037 400 3096 delectatus
414 3056 527 3097 currere
540 3037 654 3114 incipit,
667 3056 720 3097 nec
733 3043 801 3098 cute
815 3058 830 3097 e
845 3058 930 3098 cursu
944 3040 1058 3099 destitit

109 3148 196 3206 quam
209 3148 331 3205 puerum
345 3149 360 3189 e
374 3136 454 3207 tergo
471 3129 682 3191 deturbaverat.
727 3130 814 3190 Forte
835 3151 868 3191 ee
888 3133 986 3209 puella
1000 3138 1058 3210 quei

108 3241 192 3281 maus
216 3228 276 3280 tam
299 3222 375 3282 male
398 3243 468 3283 usus
492 3228 553 3283 erat
575 3243 643 3282 eum
666 3223 750 3283 humi
767 3225 912 3301 jacentem
932 3226 1055 3285 invenit

108 3316 188 3375 Haec
202 3316 320 3392 quidem
334 3317 458 3393 injuriae
480 3335 548 3376 susc
569 3317 721 3377 immemor
742 3336 809 3377 enm
830 3336 896 3376 sues
918 3319 950 3377 in
973 3319 1057 3379 aedes

12 3404 15 3409 ’
108 3409 195 3468 duxit
209 3417 239 3467 et
252 3409 374 3469 vulnera
389 3410 544 3486 diligenter
558 3410 677 3469 curavit.

149 3520 273 3553 omum.
570 3505 594 3553 G
