2409 3875
467 248 741 319 ¹translatione.
1038 253 1075 312 21
1167 235 1170 241 ’

132 448 235 521 captat
278 445 353 505 Tum
380 444 523 506 exclamat
550 443 698 518 Boeotius,
722 443 812 504 “Vos
839 446 936 504 tenebo
959 441 1079 502 firmiter

131 555 196 597 mea
222 557 311 612 crura,
337 557 405 599 nam
433 558 536 599 manos
563 539 668 599 durum
695 536 811 615 lignum
838 537 933 598 terit''
983 534 1078 597 Simul

131 629 211 691 lexat
223 650 334 708 manus,
350 636 380 724 et
393 651 493 692 omnes
506 632 537 691 in
552 651 657 710 aquam
670 631 819 694 decidunt.

506 932 557 995 24.¹
579 914 705 999 Logic!

171 1065 310 1127 Rusticus
331 1066 410 1140 olim,
425 1065 545 1126 nomine
566 1066 688 1142 Gallim,
704 1067 751 1127 vir
764 1067 848 1128 dives
868 1068 919 1128 sed
933 1068 1075 1143 indoctus,

130 1160 222 1219 mittit
230 1158 483 1219 filiumadludum
495 1159 630 1234 Zeudnis,
639 1159 778 1237 praeclari
787 1160 962 1238 philosophi
1006 1162 1079 1222 Post

130 1251 242 1329 aliquot
261 1272 353 1312 annos
373 1250 451 1311 filius
472 1250 578 1329 repitit
597 1256 750 1329 paternum
769 1258 888 1328 tectum,
902 1260 933 1313 et
945 1260 1077 1331 parentes

130 1348 184 1405 sua
203 1346 346 1423 sapientia
369 1344 514 1420 delectet;
537 1364 605 1405 nam
631 1340 730 1405 omneb
755 1346 872 1423 ingenio
895 1352 926 1408 et
948 1366 1078 1408 sermone

130 1440 291 1516 superabat.
336 1438 411 1498 Mox
434 1443 533 1497 tamen
554 1439 674 1517 juvenis
698 1438 830 1516 disputat
853 1444 1021 1518 compatre
1042 1442 1078 1500 de

131 1532 214 1591 cultu
234 1550 369 1592 arvorum
379 1552 388 1607 3
411 1530 532 1591 tandem
552 1530 652 1605 iratus,
667 1530 771 1592 baculo
792 1537 924 1610 caputet
943 1533 1078 1593 humeros

131 1626 209 1685 senis
227 1626 367 1687 verberat
413 1625 466 1685 “O
488 1624 651 1698 scelerate‚”
671 1626 815 1686 exclamat
835 1627 957 1701 Gellius,
980 1632 1078 1688 “num
1151 1626 1157 1635 '

131 1719 263 1780 verberas
283 1717 438 1797 patreml”
481 1718 680 1795 “Equidem,''
701 1719 851 1796 respondit
871 1720 998 1798 juvenis,
1022 1724 1078 1781 “et

131 1818 227 1881 recte:
269 1831 366 1874 nonne
401 1818 436 1873 tu
469 1830 516 1871 me
550 1830 673 1889 parrum
706 1830 830 1888 puerum
863 1813 1077 1874 verberabasl”

134 1909 203 1970 “At
212 1910 325 1970 invitus
335 1908 524 1970 verberabam
535 1911 573 1984 te,
585 1913 615 1969 et
624 1926 677 1986 pro
687 1912 739 1969 cue
748 1908 903 1970 utilitate.”
945 1911 1013 1973 “Et
1025 1931 1077 1992 ego

131 2003 220 2064 hodie
232 2004 352 2068 verbero
366 2008 397 2064 te
410 2021 462 2081 pro
476 2006 527 2065 tufa
540 2002 676 2080 utilitate,
692 2007 723 2064 et
736 2003 874 2064 invitus!

464 2285 513 2353 25.
546 2271 623 2336 Wat
640 2271 740 2354 Tyler.

172 2425 322 2497 Ricardus,
345 2421 440 2484 adhuc
458 2423 585 2502 juvenis,
601 2423 731 2484 succedit
751 2443 838 2503 regno
860 2425 1073 2494 Britannorum.

132 2519 206 2578 Mox
232 2524 293 2577 erat
319 2517 415 2595 gravis
442 2515 547 2576 ecditio
574 2515 676 2592 plebis.
719 2516 776 2577 Vir
801 2526 934 2596 rusticus,
958 2525 1077 2585 nomine

131 2611 260 2690 Figulus,
289 2610 457 2670 seditiosam
484 2607 600 2668 turbam
628 2607 760 2670 ducebat
811 2610 947 2691 Jamque
974 2615 1076 2694 ingene

131 2711 246 2766 caterva
258 2704 417 2763 intraverat
430 2702 532 2761 urbem
554 2701 741 2777 Londinium,
757 2709 787 2764 at
807 2707 905 2766 omnia
923 2707 1073 2786 spoliabat

132 2797 206 2859 lnde
219 2797 290 2857 dum
300 2796 378 2856 cives
392 2795 534 2854 claudunt
545 2795 680 2855 tabernas
691 2796 829 2874 otingam
843 2804 966 2877 tentant,
978 2805 1076 2866 subito

131 2911 182 2952 rex
199 2890 317 2970 juvenis
338 2907 405 2949 cnm
426 2887 526 2967 paucis
546 2889 694 2966 equitibus
712 2889 801 2951 adest
844 2891 966 2970 Figulus
980 2903 1075 2960 autem

130 2984 285 3065 prehendit
321 2983 390 3061 equi
427 2981 502 3061 regis
534 2981 669 3043 habenas
727 2983 798 3044 Sine
831 2990 911 3046 mora
942 2991 1076 3067 magister

130 3083 263 3156 equitum
282 3075 401 3154 stringit
420 3074 550 3154 gladium
571 3075 744 3154 occiditque
765 3076 913 3140 hominem
929 3082 1073 3147 audacem.

130 3171 237 3234 Statim
264 3188 364 3230 omnes
391 3173 512 3228 sumunt
539 3187 625 3242 arma,
655 3170 849 3249 tendunt-qus
874 3193 963 3235 arcus
1010 3178 1076 3239 Rex

129 3270 225 3326 autem
237 3262 367 3342 procedit
378 3261 409 3320 in
419 3261 554 3321 medium.
600 3265 619 3293 “
628 3260 783 3338 Comites,''
793 3265 898 3342 inquit,
913 3271 930 3302 “
939 3269 988 3329 hic
997 3272 1076 3348 jacet

129 3364 224 3420 vestm
247 3358 317 3432 dux,
342 3372 550 3432 necunquam
574 3360 709 3440 resurget
752 3357 901 3437 Deponlte
924 3362 982 3424 tela
989 3384 1000 3440 3
1022 3385 1075 3445 ego

129 3451 249 3530 posthac
263 3470 311 3512 ero
325 3449 410 3512 vobis
423 3449 491 3510 dux.
496 3449 511 3478 '³
