2409 3875
460 244 732 314 Translations.
1029 248 1068 307 33

119 440 264 501 tatoribus
287 440 343 500 hcc
370 440 456 499 modo
480 439 624 500 laudabat
670 440 834 513 “Nonne’'
856 441 963 518 inquit,
990 442 1068 500 “rex

119 553 231 611 magne,
248 538 368 593 otmaro
382 539 497 593 vastum
511 538 541 593 ct
554 533 659 592 celeres
672 534 755 594 venti
770 538 821 594 tue
835 534 972 592 mandata
990 552 1069 611 pera·

118 628 235 704 guntt”
278 626 342 685 Rex
356 626 433 684 nihil
448 625 607 702 respondit,
622 626 674 685 sed
694 631 808 703 postero
828 626 884 702 die,
895 628 982 703 jussu
995 627 1067 702 ejus,

119 721 196 779 servi
222 720 261 778 ad
287 719 358 778 litus
386 719 562 778 maritimum
590 720 697 779 solium
729 720 886 781 deducunt.
941 721 980 779 Iu
1013 720 1068 779 hcc

119 818 324 873 assentatorem
337 812 423 885 locat,
438 817 468 872 et
480 813 543 889 ipse
556 812 589 872 in
602 832 675 889 rupe
692 817 750 871 stat
769 813 939 890 propinqua
982 813 1069 872 Forte

119 912 216 967 aestus
233 926 270 965 cx
288 906 348 965 alto
361 925 392 966 se
405 905 553 966 incitabat.
595 906 672 965 Tum
691 925 751 980 rex,
768 906 946 979 “Recurre‚”
961 905 1067 982 inquit,

122 1003 228 1060 “mare
249 999 423 1076 superbum;
442 1015 541 1057 nonne
553 1001 587 1056 tu
600 1015 683 1056 meus
703 1016 803 1057 servus
815 999 865 1057 est
901 998 962 1060 Cur
981 998 1069 1074 igitur

120 1094 167 1153 tui
186 1093 292 1151 fluctus
312 1092 434 1151 audaces
454 1109 552 1150 meum
572 1090 678 1150 solium
697 1091 739 1150 ita
751 1090 908 1151 violantt'’
947 1092 1069 1151 Fluctus

121 1192 218 1245 tamen
233 1185 315 1243 surdi
327 1184 464 1244 mandata
476 1184 554 1259 regia
567 1201 628 1244 son
641 1183 807 1259 audiebant,
818 1183 870 1243 sed
883 1202 914 1243 se
926 1184 960 1243 in
972 1184 1068 1261 ipsum

120 1279 227 1339 solium
247 1278 377 1339 illidunt.
420 1278 495 1336 Tum
515 1295 575 1351 rex,
593 1279 612 1308 “
619 1276 716 1335 Nemo
736 1277 795 1335 nisi
815 1277 896 1336 Deus
915 1276 1068 1355 imperinm

121 1373 207 1429 maris
221 1370 327 1430 tenet.'’

319 1599 370 1664 49.
394 1581 489 1646 Rollo
504 1583 576 1647 and
586 1580 639 1647 tlte
658 1582 736 1646 Two
754 1580 869 1647 Sticks.

161 1733 252 1812 Apud
276 1720 399 1793 Graecos
422 1732 574 1809 scriptores
597 1732 653 1791 hoc
676 1733 844 1792 invenimus
871 1732 908 1793 de
934 1732 1067 1809 ΒοῙῙοοο,

121 1846 192 1887 cane
215 1826 408 1886 callidissimo.
452 1823 599 1901 Magister,
620 1825 691 1883 dum
711 1825 774 1902 ipse
797 1825 937 1898 ambulat,
957 1845 1070 1903 semper

121 1921 188 1982 ceni
201 1920 301 1980 comiti
315 1918 473 1996 scipionem
486 1937 573 1977 suum
586 1923 719 1978 auratum
732 1918 939 1979 committebat
981 1919 1070 1980 Hune

120 2014 209 2074 Rollo
222 2013 347 2090 superbo
361 2031 410 2071 ore
425 2011 570 2088 persicos
582 2012 706 2088 gerebat.
749 2012 916 2089 Aliquando
935 2013 1071 2090 magister

120 2125 173 2184 pro
187 2104 317 2182 scipione
329 2097 429 2162 aurato
442 2101 579 2161 baculum
593 2104 684 2162 sumit
697 2103 835 2179 lignenm,
846 2104 937 2163 altero
947 2105 1067 2182 turpius.

121 2199 187 2258 Hoc
201 2216 280 2256 more
293 2214 347 2254 suo
360 2195 425 2254 cani
439 2195 602 2255 committit.
644 2194 689 2253 At
708 2195 804 2270 Bello,
819 2200 937 2273 propter
956 2201 1070 2256 tantum

121 2291 246 2350 dedecus
256 2289 355 2361 iratus,
368 2288 419 2346 diu
429 2286 557 2346 laborem
570 2292 690 2348 recusat
731 2288 862 2348 Tandem
874 2288 928 2347 ubi
937 2290 1072 2366 magister

121 2383 259 2444 baculum
282 2382 358 2442 inter
381 2379 483 2439 dentes
506 2379 636 2453 inscruit,
659 2381 738 2439 canis
758 2400 774 2439 e
794 2385 951 2459 conspectu
973 2382 1071 2442 subito

121 2477 219 2553 iugit3
246 2474 329 2533 brevi
352 2478 450 2531 temon
474 2472 511 2531 ad
534 2472 705 2548 magistrum
727 2473 792 2531 sine
816 2473 919 2533 baculo
942 2475 1068 2534 recurrit

121 2568 192 2628 Tres
215 2566 285 2625 iude
309 2583 421 2623 menses
448 2565 583 2641 magister
607 2565 715 2623 frustra
740 2564 877 2624 baculum
900 2566 1056 2642 quaerebat
1062 2587 1072 2640 3

122 2664 226 2738 quarto
241 2663 340 2717 tamen
354 2675 452 2715 mense
466 2656 537 2715 dum
550 2657 627 2716 servi
646 2657 748 2716 fimum
762 2675 799 2715 ex
812 2656 934 2715 stabulis
946 2658 980 2716 in
992 2676 1074 2734 agros

122 2754 330 2828 transportant,
345 2749 482 2810 baculum
496 2749 551 2808 sub
564 2750 684 2826 ingente
696 2749 759 2806 fimi
772 2767 873 2808 acervo
885 2750 1047 2810 inveniunt.

452 3004 499 3073 50.
523 2992 652 3056 Buried
662 2993 755 3057 alive.

163 3145 211 3205 Dc
225 3143 327 3204 eodem
337 3142 463 3204 Rollone
476 3144 557 3202 aliud
570 3149 601 3202 et
614 3143 775 3202 mirabilius
788 3143 962 3204 invenimus.
997 3142 1078 3222 Mag-

123 3255 180 3296 nus
194 3233 314 3295 anitum
334 3254 404 3312 grex
417 3236 450 3294 in
463 3235 528 3294 lacu
545 3235 672 3293 finitimo
688 3234 814 3296 natabat.
857 3235 970 3294 Harum
990 3255 1078 3295 unam

123 3330 204 3389 canis
218 3330 292 3387 miro
306 3348 403 3388 amore
419 3328 544 3388 fovebat
590 3328 684 3405 Saepo
698 3330 784 3405 jussu
796 3329 926 3404 magistri
938 3329 1014 3388 haue
1026 3347 1078 3389 sno

124 3441 173 3482 ore
186 3422 274 3482 etiam
289 3421 327 3480 ab
341 3421 478 3480 ulteriore
500 3422 630 3498 margine
649 3420 729 3480 laede
750 3422 787 3480 ad
807 3421 896 3497 pedes
912 3421 976 3508 eius
987 3440 1080 3498 repor-

170 3524 309 3571 uaansrue.1
591 3515 610 3564 0
