2409 3875
430 250 703 318 Translations.

331 528 397 592 149.
421 511 479 574 An
493 510 703 575 Ill-matclred
713 512 808 575 Pair.
887 570 889 574 ,
941 493 944 500 ⁴

136 645 238 722 Lupus
265 647 336 705 olim
360 666 424 705 cnm
449 647 539 724 vulpe
562 649 728 706 societatem
749 648 911 725 conjunxit.
956 646 1043 705 Hanc

95 739 195 815 igitur,
218 740 298 816 qnod
323 741 417 799 multo
444 740 585 800 infirmior
608 746 676 815 erat,
699 741 895 818 quodcunque
917 739 969 798 ille
990 740 1044 797 im-

95 833 216 908 peravit,
238 835 331 892 facere
358 834 515 909 oportebat.
558 835 736 911 Aliquando,
762 834 833 892 dum
860 853 911 910 per
936 833 1040 894 silvam

95 927 214 984 comites
236 927 291 985 iter
309 926 429 986 faciunt.
473 927 613 1004 “Vulpes
632 926 803 1006 carissima,”
824 926 921 1002 inquit
941 927 1039 1002 lupus,

97 1019 236 1094 “aliquid
248 1018 307 1077 cibi
320 1019 394 1076 mihi
408 1038 495 1095 qnam
509 1020 654 1078 celerrime
668 1021 745 1093 affer,
761 1039 807 1092 ne,
822 1019 898 1077 fama
915 1023 1040 1090 coactns,

95 1117 125 1171 te
138 1113 230 1189 ipsam
243 1113 405 1172 devoram’'
447 1113 645 1189 “Equidem’'
659 1114 809 1190 respondit
828 1112 930 1189 vulpes
952 1113 1042 1170 minis

94 1208 254 1284 perterrita,
277 1206 382 1265 “haud
402 1206 504 1283 procul
522 1207 559 1266 ab
579 1207 634 1266 hoc
655 1208 718 1266 loco
740 1207 812 1265 duos
833 1224 923 1283 agnos
947 1205 1043 1280 pridie

95 1300 242 1376 conspexi,
257 1318 331 1376 quos
345 1299 483 1358 facillime
503 1300 559 1360 tibi
579 1301 679 1358 afferre
699 1301 825 1376 potero.''
867 1299 966 1373 Quum
986 1297 1041 1357 hoc

94 1394 171 1451 inter
191 1412 240 1452 eos
260 1393 451 1466 convenisset,
466 1393 570 1470 vulpes
584 1413 622 1452 ex
636 1393 717 1469 agnis
736 1393 858 1452 alterum
872 1392 909 1450 ab
924 1410 991 1467 agro
1005 1391 1043 1449 ad

94 1487 198 1563 lupum
206 1486 341 1563 portavit
373 1485 498 1561 Deinde,
508 1486 609 1544 utsibi
617 1485 728 1561 aliquid
737 1486 889 1558 inveniret,
902 1485 1039 1544 discessit.

94 1582 137 1639 At
150 1581 247 1657 lupus,
262 1581 314 1657 qui
326 1581 409 1639 bravi
423 1600 531 1657 agnum
544 1581 703 1653 devoravit,
720 1600 758 1639 ne
771 1580 826 1639 hoc
840 1580 959 1658 quidem
973 1581 1042 1638 satie

95 1679 258 1748 contentus,
273 1678 307 1732 ut
320 1673 410 1733 altero
423 1675 574 1750 potiretur,
589 1675 652 1750 ipse
672 1673 711 1734 ad
731 1673 808 1733 ovila
822 1672 968 1750 proiectus
989 1676 1041 1732 est.

95 1767 126 1825 Is
137 1772 241 1842 antem,
253 1767 333 1843 quod
342 1786 404 1826 rem
417 1768 563 1827 incautius
573 1769 640 1844 agit,
653 1786 670 1826 a
683 1771 796 1844 pastore
807 1771 917 1843 captus,
927 1765 969 1822 ita
983 1785 1043 1841 gra-

7 1878 8 1889 *
94 1861 170 1921 viter
179 1860 347 1920 verberatus
357 1865 409 1934 est,
420 1866 455 1919 ut
464 1879 566 1939 corpus
579 1861 617 1919 ad
628 1861 733 1920 silvam
747 1861 799 1920 vix
810 1859 922 1920 trahere
936 1864 1040 1934 posset

336 2081 402 2147 150.
430 2069 795 2151 Greedinesspunislred

134 2204 255 2263 Postero
269 2204 317 2263 die
330 2204 418 2280 lupus
431 2205 468 2263 de
480 2204 541 2263 suis
554 2205 671 2281 injuriis
684 2211 812 2282 questus,
824 2227 841 2266 a
855 2206 959 2265 comite
972 2206 1043 2264 facti

92 2297 287 2375 imprudentis
300 2297 486 2357 vehementer
509 2298 658 2357 incusatus
682 2304 743 2373 est3
772 2304 790 2333 ‘⁴
800 2300 897 2359 Hodie
917 2298 1041 2372 tamen,’'

93 2392 192 2469 inquit
202 2390 316 2467 vulpes,
327 2393 345 2422 “
354 2390 380 2447 si
393 2409 507 2448 mecum
517 2391 616 2450 venire
626 2391 680 2465 vis,
693 2396 808 2451 tantum
822 2393 888 2465 cibi,
899 2396 1043 2469 quantum

94 2487 177 2547 edere
199 2485 307 2561 poteris
326 2484 383 2543 tibi
404 2483 505 2543 dabo.’¹
547 2484 649 2560 Lupus
670 2485 760 2562 igitur
777 2486 897 2562 vulpem
916 2489 1041 2555 secutus,

94 2582 229 2639 horreum
242 2578 382 2654 agricolae
392 2578 544 2653 cujusdam
557 2578 630 2637 rima
644 2578 723 2636 hand
737 2579 779 2637 ita
792 2584 896 2655 magna
910 2578 1040 2637 intravit

94 2672 162 2745 Hic,
184 2691 275 2748 quum
299 2672 393 2730 carnis
419 2672 576 2729 maximam
604 2670 717 2747 copiam
743 2671 933 2745 invenissent,
956 2671 1043 2729 ambo

95 2766 220 2844 dapibus
241 2765 400 2841 inopinatis
421 2764 499 2824 vesci
519 2764 674 2845 incipiunt
718 2764 829 2840 Vulpes
849 2768 946 2822 autam
967 2764 1044 2822 inter

95 2859 241 2919 edendnm
262 2858 300 2917 ad
320 2858 424 2917 rimam
446 2856 610 2917 cursitabat
655 2855 760 2915 Subito
782 2858 886 2933 ingens
906 2857 1043 2933 strepitus

95 2952 213 3011 auditus
239 2956 291 3011 est
347 2950 523 3009 Panduntur
549 2955 655 3027 portae.
710 2950 800 3009 Irruit
827 2950 950 3027 agricola
977 2968 1043 3009 cum

96 3046 189 3105 securi
209 3046 326 3121 ingente
346 3051 479 3104 armatus
523 3044 598 3103 Inde
612 3044 723 3121 vulpes,
738 3063 811 3121 qnae
824 3044 904 3102 haud
918 3044 1045 3103 multum

96 3139 193 3198 ederat
214 3138 287 3196 rima
299 3157 330 3196 se
343 3138 427 3195 facile
447 3138 553 3213 eripuit
562 3158 572 3210 3
590 3137 679 3213 lupus
698 3142 796 3196 tamen
816 3142 932 3195 tanturn
952 3136 1045 3194 carnis

97 3232 292 3305 devoraverat,
307 3236 342 3288 ut
355 3249 459 3306 corpus
472 3232 503 3288 in
517 3232 590 3289 rima
603 3230 737 3290 haereret
765 3242 767 3245 '

139 3323 274 3399 Agricola
282 3324 379 3399 igitur,
385 3342 478 3400 quum
485 3342 552 3381 eum
563 3324 655 3381 securi
663 3323 863 3397 interfecisset,
870 3330 959 3401 caput
968 3328 1046 3401 post

98 3419 166 3477 ibus
171 3417 273 3478 affixit.
284 3416 1042 3494 Quoexemplolnresinpoetemmarapinisdaterruit
