<?xml version="1.0" encoding="UTF-8"?>
<!DOCTYPE html PUBLIC "-//W3C//DTD XHTML 1.0 Transitional//EN"
    "http://www.w3.org/TR/xhtml1/DTD/xhtml1-transitional.dtd">
<html xmlns="http://www.w3.org/1999/xhtml" xml:lang="en" lang="en">
 <head>
  <title>
</title>
<meta http-equiv="Content-Type" content="text/html;charset=utf-8" />
  <meta name='ocr-system' content='tesseract 3.04.00' />
  <meta name='ocr-capabilities' content='ocr_page ocr_carea ocr_par ocr_line ocrx_word'/>
</head>
<body>
  <div class='ocr_page' id='page_1' title='image "./gradatim03kinggoog/gradatim03kinggoog_0054.png"; bbox 0 0 2409 3875; ppageno 0'>
   <div class='ocr_carea' id='block_1_1' title="bbox 155 189 767 259">
    <p class='ocr_par' dir='ltr' id='par_1_1' title="bbox 155 189 767 259">
     <span class='ocr_line' id='line_1_1' title="bbox 155 189 767 259; baseline 0.01 -5"><span class='ocrx_word' id='word_1_1' title='bbox 155 194 194 254; x_wconf 81' lang='lat'>44</span> <span class='ocrx_word' id='word_1_2' title='bbox 492 189 767 259; x_wconf 73' lang='lat' dir='ltr'>Translationa.</span> 
     </span>
    </p>
   </div>
   <div class='ocr_carea' id='block_1_2' title="bbox 155 382 1105 835">
    <p class='ocr_par' dir='ltr' id='par_1_2' title="bbox 155 382 1105 835">
     <span class='ocr_line' id='line_1_2' title="bbox 155 382 1104 461; baseline -0.001 -18"><span class='ocrx_word' id='word_1_3' title='bbox 155 384 230 443; x_wconf 86' lang='lat' dir='ltr'>Tum</span> <span class='ocrx_word' id='word_1_4' title='bbox 257 382 318 457; x_wconf 91' lang='lat' dir='ltr'>ille,</span> <span class='ocrx_word' id='word_1_5' title='bbox 343 384 422 460; x_wconf 89' lang='lat' dir='ltr'>quod</span> <span class='ocrx_word' id='word_1_6' title='bbox 446 385 508 460; x_wconf 84' lang='lat' dir='ltr'>jam</span> <span class='ocrx_word' id='word_1_7' title='bbox 535 387 658 443; x_wconf 85' lang='lat' dir='ltr'>mortem</span> <span class='ocrx_word' id='word_1_8' title='bbox 685 383 814 461; x_wconf 86' lang='lat' dir='ltr'>optabat,</span> <span class='ocrx_word' id='word_1_9' title='bbox 842 383 880 443; x_wconf 84' lang='lat' dir='ltr'>ad</span> <span class='ocrx_word' id='word_1_10' title='bbox 907 402 1015 461; x_wconf 76' lang='lat' dir='ltr'>eygnoe</span> <span class='ocrx_word' id='word_1_11' title='bbox 1039 384 1104 460; x_wconf 77' lang='lat' dir='ltr'>iper</span> 
     </span>
     <span class='ocr_line' id='line_1_3' title="bbox 155 476 1105 554; baseline 0.001 -20"><span class='ocrx_word' id='word_1_12' title='bbox 155 477 279 550; x_wconf 77' lang='lat' dir='ltr'>natavit,</span> <span class='ocrx_word' id='word_1_13' title='bbox 293 476 446 553; x_wconf 83' lang='lat' dir='ltr'>flexit-que</span> <span class='ocrx_word' id='word_1_14' title='bbox 458 480 547 554; x_wconf 86' lang='lat' dir='ltr'>eaput</span> <span class='ocrx_word' id='word_1_15' title='bbox 559 476 597 535; x_wconf 84' lang='lat' dir='ltr'>ad</span> <span class='ocrx_word' id='word_1_16' title='bbox 610 476 703 536; x_wconf 82' lang='lat' dir='ltr'>ietnm</span> <span class='ocrx_word' id='word_1_17' title='bbox 716 480 882 537; x_wconf 81' lang='lat' dir='ltr'>metrorum.</span> <span class='ocrx_word' id='word_1_18' title='bbox 924 476 967 535; x_wconf 84' lang='lat' dir='ltr'>At</span> <span class='ocrx_word' id='word_1_19' title='bbox 980 477 1105 536; x_wconf 84' lang='lat' dir='ltr'>attonita</span> 
     </span>
     <span class='ocr_line' id='line_1_4' title="bbox 156 569 1103 647; baseline 0 -19"><span class='ocrx_word' id='word_1_20' title='bbox 156 588 239 628; x_wconf 86' lang='lat' dir='ltr'>auem</span> <span class='ocrx_word' id='word_1_21' title='bbox 258 569 424 647; x_wconf 76' lang='lat' dir='ltr'>imaginem,</span> <span class='ocrx_word' id='word_1_22' title='bbox 438 588 526 646; x_wconf 89' lang='lat' dir='ltr'>quam</span> <span class='ocrx_word' id='word_1_23' title='bbox 546 588 622 646; x_wconf 86' lang='lat' dir='ltr'>equa</span> <span class='ocrx_word' id='word_1_24' title='bbox 641 570 791 645; x_wconf 75' lang='lat' dir='ltr'>reddebat,</span> <span class='ocrx_word' id='word_1_25' title='bbox 805 569 885 630; x_wconf 81' lang='lat' dir='ltr'>vidit</span> <span class='ocrx_word' id='word_1_26' title='bbox 894 590 904 645; x_wconf 80' lang='lat'><em>3</em></span> <span class='ocrx_word' id='word_1_27' title='bbox 923 569 1103 646; x_wconf 79' lang='lat' dir='ltr'>audivit-qne</span> 
     </span>
     <span class='ocr_line' id='line_1_5' title="bbox 156 663 1104 746; baseline -0.002 -23"><span class='ocrx_word' id='word_1_28' title='bbox 156 682 259 723; x_wconf 81' lang='lat' dir='ltr'>vorem</span> <span class='ocrx_word' id='word_1_29' title='bbox 266 682 429 741; x_wconf 83' lang='lat' dir='ltr'>puerorum,</span> <span class='ocrx_word' id='word_1_30' title='bbox 434 663 486 739; x_wconf 90' lang='lat' dir='ltr'>qni</span> <span class='ocrx_word' id='word_1_31' title='bbox 493 678 622 740; x_wconf 76' lang='lat' dir='ltr'>cygnum</span> <span class='ocrx_word' id='word_1_32' title='bbox 639 663 740 746; x_wconf 73' lang='lat' dir='ltr'>arteria</span> <span class='ocrx_word' id='word_1_33' title='bbox 753 663 948 741; x_wconf 86' lang='lat' dir='ltr'>pulehriorem</span> <span class='ocrx_word' id='word_1_34' title='bbox 955 663 1026 723; x_wconf 87' lang='lat' dir='ltr'>laeti</span> <span class='ocrx_word' id='word_1_35' title='bbox 1033 663 1104 722; x_wconf 82' lang='lat' dir='ltr'>aoei-</span> 
     </span>
     <span class='ocr_line' id='line_1_6' title="bbox 156 755 1088 835; baseline 0 -20"><span class='ocrx_word' id='word_1_36' title='bbox 156 756 285 834; x_wconf 83' lang='lat' dir='ltr'>piebent</span> <span class='ocrx_word' id='word_1_37' title='bbox 327 755 485 817; x_wconf 83' lang='lat' dir='ltr'>Anatioula</span> <span class='ocrx_word' id='word_1_38' title='bbox 498 757 577 816; x_wconf 86' lang='lat' dir='ltr'>enim</span> <span class='ocrx_word' id='word_1_39' title='bbox 590 756 685 834; x_wconf 87' lang='lat' dir='ltr'>turpie</span> <span class='ocrx_word' id='word_1_40' title='bbox 698 756 813 834; x_wconf 76' lang='lat' dir='ltr'>graeilie</span> <span class='ocrx_word' id='word_1_41' title='bbox 826 776 939 835; x_wconf 74' lang='lat' dir='ltr'>cygnus</span> <span class='ocrx_word' id='word_1_42' title='bbox 951 760 1088 817; x_wconf 85' lang='lat' dir='ltr'>evaeeret</span> 
     </span>
    </p>
   </div>
   <div class='ocr_carea' id='block_1_3' title="bbox 415 918 846 1001">
    <p class='ocr_par' dir='ltr' id='par_1_3' title="bbox 415 918 846 1001">
     <span class='ocr_line' id='line_1_7' title="bbox 415 918 846 1001; baseline 0.002 -18"><span class='ocrx_word' id='word_1_43' title='bbox 415 919 465 999; x_wconf 80' lang='lat'>63.</span> <span class='ocrx_word' id='word_1_44' title='bbox 496 918 561 983; x_wconf 66' lang='lat' dir='ltr'>rra</span> <span class='ocrx_word' id='word_1_45' title='bbox 580 918 687 982; x_wconf 67' lang='lat' dir='ltr'>raah</span> <span class='ocrx_word' id='word_1_46' title='bbox 700 919 846 1001; x_wconf 64' lang='lat' dir='ltr'>asnaa.</span> 
     </span>
    </p>
   </div>
   <div class='ocr_carea' id='block_1_4' title="bbox 158 1037 1110 2499">
    <p class='ocr_par' dir='ltr' id='par_1_4' title="bbox 158 1037 1110 2499">
     <span class='ocr_line' id='line_1_8' title="bbox 198 1037 1104 1117; baseline -0.001 -18"><span class='ocrx_word' id='word_1_47' title='bbox 198 1038 304 1113; x_wconf 83' lang='lat' dir='ltr'>Midae,</span> <span class='ocrx_word' id='word_1_48' title='bbox 331 1058 384 1099; x_wconf 86' lang='lat' dir='ltr'>rex</span> <span class='ocrx_word' id='word_1_49' title='bbox 414 1037 579 1115; x_wconf 70' lang='lat' dir='ltr'>Phrygiae,¹</span> <span class='ocrx_word' id='word_1_50' title='bbox 596 1038 675 1114; x_wconf 91' lang='lat' dir='ltr'>quod</span> <span class='ocrx_word' id='word_1_51' title='bbox 708 1038 781 1097; x_wconf 88' lang='lat' dir='ltr'>olim</span> <span class='ocrx_word' id='word_1_52' title='bbox 807 1038 922 1099; x_wconf 79' lang='lat' dir='ltr'><strong>Baccho</strong></span> <span class='ocrx_word' id='word_1_53' title='bbox 949 1038 1104 1117; x_wconf 77' lang='lat' dir='ltr'>placuerat,</span> 
     </span>
     <span class='ocr_line' id='line_1_9' title="bbox 158 1131 1105 1212; baseline -0.002 -19"><span class='ocrx_word' id='word_1_54' title='bbox 158 1134 270 1212; x_wconf 78' lang='lat' dir='ltr'>egregio</span> <span class='ocrx_word' id='word_1_55' title='bbox 283 1151 403 1193; x_wconf 85' lang='lat' dir='ltr'>munere</span> <span class='ocrx_word' id='word_1_56' title='bbox 416 1152 434 1192; x_wconf 84' lang='lat' dir='ltr'>a</span> <span class='ocrx_word' id='word_1_57' title='bbox 447 1131 501 1191; x_wconf 86' lang='lat' dir='ltr'>deo</span> <span class='ocrx_word' id='word_1_58' title='bbox 515 1131 641 1191; x_wconf 80' lang='lat' dir='ltr'>donatur</span> <span class='ocrx_word' id='word_1_59' title='bbox 654 1138 706 1192; x_wconf 79' lang='lat' dir='ltr'>eat</span> <span class='ocrx_word' id='word_1_60' title='bbox 751 1131 891 1209; x_wconf 77' lang='lat' dir='ltr'>“Dellge,</span> <span class='ocrx_word' id='word_1_61' title='bbox 904 1151 957 1191; x_wconf 84' lang='lat' dir='ltr'>rex</span> <span class='ocrx_word' id='word_1_62' title='bbox 976 1133 1105 1209; x_wconf 53' lang='lat' dir='ltr'>magne?</span> 
     </span>
     <span class='ocr_line' id='line_1_10' title="bbox 158 1224 1107 1304; baseline -0.003 -18"><span class='ocrx_word' id='word_1_63' title='bbox 158 1227 257 1304; x_wconf 85' lang='lat' dir='ltr'>inquit</span> <span class='ocrx_word' id='word_1_64' title='bbox 276 1226 357 1301; x_wconf 83' lang='lat' dir='ltr'>deus,</span> <span class='ocrx_word' id='word_1_65' title='bbox 380 1225 440 1285; x_wconf 91' lang='lat' dir='ltr'>“id</span> <span class='ocrx_word' id='word_1_66' title='bbox 460 1224 539 1302; x_wconf 86' lang='lat' dir='ltr'>quod</span> <span class='ocrx_word' id='word_1_67' title='bbox 559 1225 686 1284; x_wconf 81' lang='lat' dir='ltr'>maxime</span> <span class='ocrx_word' id='word_1_68' title='bbox 705 1225 789 1302; x_wconf 85' lang='lat' dir='ltr'>cupie</span> <span class='ocrx_word' id='word_1_69' title='bbox 798 1245 808 1299; x_wconf 84' lang='lat'>3</span> <span class='ocrx_word' id='word_1_70' title='bbox 830 1224 886 1285; x_wconf 87' lang='lat' dir='ltr'>hoe</span> <span class='ocrx_word' id='word_1_71' title='bbox 905 1225 962 1285; x_wconf 87' lang='lat' dir='ltr'>tibi</span> <span class='ocrx_word' id='word_1_72' title='bbox 980 1225 1107 1285; x_wconf 75' lang='lat' dir='ltr'>libenter</span> 
     </span>
     <span class='ocr_line' id='line_1_11' title="bbox 160 1317 1108 1396; baseline -0.003 -17"><span class='ocrx_word' id='word_1_73' title='bbox 160 1320 262 1380; x_wconf 88' lang='lat' dir='ltr'>dab0.”</span> <span class='ocrx_word' id='word_1_74' title='bbox 302 1321 376 1379; x_wconf 84' lang='lat' dir='ltr'>&#39;lum</span> <span class='ocrx_word' id='word_1_75' title='bbox 390 1319 437 1377; x_wconf 83' lang='lat' dir='ltr'>vir</span> <span class='ocrx_word' id='word_1_76' title='bbox 456 1337 561 1378; x_wconf 76' lang='lat' dir='ltr'>avarus</span> <span class='ocrx_word' id='word_1_77' title='bbox 573 1318 680 1377; x_wconf 89' lang='lat' dir='ltr'>mirum</span> <span class='ocrx_word' id='word_1_78' title='bbox 694 1317 804 1378; x_wconf 86' lang='lat' dir='ltr'>donum</span> <span class='ocrx_word' id='word_1_79' title='bbox 817 1318 995 1396; x_wconf 74' lang='lat' dir='ltr'>impetrarit,</span> <span class='ocrx_word' id='word_1_80' title='bbox 1009 1319 1108 1377; x_wconf 90' lang='lat' dir='ltr'>omnia</span> 
     </span>
     <span class='ocr_line' id='line_1_12' title="bbox 160 1411 1105 1490; baseline 0.001 -18"><span class='ocrx_word' id='word_1_81' title='bbox 160 1414 246 1487; x_wconf 84' lang='lat' dir='ltr'>enim,</span> <span class='ocrx_word' id='word_1_82' title='bbox 261 1432 336 1490; x_wconf 85' lang='lat' dir='ltr'>quae</span> <span class='ocrx_word' id='word_1_83' title='bbox 355 1432 408 1473; x_wconf 82' lang='lat' dir='ltr'>suo</span> <span class='ocrx_word' id='word_1_84' title='bbox 428 1431 545 1489; x_wconf 71' lang='lat' dir='ltr'>torpore</span> <span class='ocrx_word' id='word_1_85' title='bbox 564 1411 712 1490; x_wconf 79' lang='lat' dir='ltr'>tangebat,</span> <span class='ocrx_word' id='word_1_86' title='bbox 726 1411 759 1471; x_wconf 90' lang='lat' dir='ltr'>in</span> <span class='ocrx_word' id='word_1_87' title='bbox 781 1431 883 1471; x_wconf 87' lang='lat' dir='ltr'>aurum</span> <span class='ocrx_word' id='word_1_88' title='bbox 902 1416 1015 1472; x_wconf 81' lang='lat' dir='ltr'>mutata</span> <span class='ocrx_word' id='word_1_89' title='bbox 1027 1417 1105 1473; x_wconf 79' lang='lat' dir='ltr'>eunt.</span> 
     </span>
     <span class='ocr_line' id='line_1_13' title="bbox 160 1503 1108 1581; baseline -0.002 -16"><span class='ocrx_word' id='word_1_90' title='bbox 160 1506 301 1566; x_wconf 76' lang='lat' dir='ltr'><strong>Protinus</strong></span> <span class='ocrx_word' id='word_1_91' title='bbox 314 1524 365 1563; x_wconf 87' lang='lat' dir='ltr'>rex</span> <span class='ocrx_word' id='word_1_92' title='bbox 378 1503 472 1564; x_wconf 85' lang='lat' dir='ltr'>laetua</span> <span class='ocrx_word' id='word_1_93' title='bbox 485 1503 593 1581; x_wconf 81' lang='lat' dir='ltr'>regiam</span> <span class='ocrx_word' id='word_1_94' title='bbox 606 1503 726 1563; x_wconf 84' lang='lat' dir='ltr'>domum</span> <span class='ocrx_word' id='word_1_95' title='bbox 745 1504 937 1581; x_wconf 71' lang='lat' dir='ltr'>percurrebat,</span> <span class='ocrx_word' id='word_1_96' title='bbox 951 1522 1108 1581; x_wconf 68' lang='lat' dir='ltr'>manuque</span> 
     </span>
     <span class='ocr_line' id='line_1_14' title="bbox 162 1593 1108 1676; baseline -0.001 -19"><span class='ocrx_word' id='word_1_97' title='bbox 162 1619 238 1672; x_wconf 81' lang='lat' dir='ltr'>vasa,</span> <span class='ocrx_word' id='word_1_98' title='bbox 261 1617 384 1672; x_wconf 80' lang='lat' dir='ltr'>mensae,</span> <span class='ocrx_word' id='word_1_99' title='bbox 409 1598 508 1672; x_wconf 78' lang='lat' dir='ltr'>lecton,</span> <span class='ocrx_word' id='word_1_100' title='bbox 537 1596 636 1656; x_wconf 88' lang='lat' dir='ltr'>omnia</span> <span class='ocrx_word' id='word_1_101' title='bbox 662 1598 807 1676; x_wconf 79' lang='lat' dir='ltr'>tangebat</span> <span class='ocrx_word' id='word_1_102' title='bbox 850 1596 926 1656; x_wconf 92' lang='lat' dir='ltr'>Inde</span> <span class='ocrx_word' id='word_1_103' title='bbox 951 1593 1005 1657; x_wconf 79' lang='lat' dir='ltr'>nbi</span> <span class='ocrx_word' id='word_1_104' title='bbox 1031 1596 1108 1656; x_wconf 90' lang='lat' dir='ltr'>nihil</span> 
     </span>
     <span class='ocr_line' id='line_1_15' title="bbox 160 1690 1108 1769; baseline -0.003 -17"><span class='ocrx_word' id='word_1_105' title='bbox 160 1692 235 1769; x_wconf 85' lang='lat' dir='ltr'>ligni</span> <span class='ocrx_word' id='word_1_106' title='bbox 257 1695 308 1751; x_wconf 84' lang='lat' dir='ltr'>aut</span> <span class='ocrx_word' id='word_1_107' title='bbox 331 1690 444 1767; x_wconf 64' lang='lat' dir='ltr'>argenti</span> <span class='ocrx_word' id='word_1_108' title='bbox 467 1690 500 1749; x_wconf 90' lang='lat' dir='ltr'>in</span> <span class='ocrx_word' id='word_1_109' title='bbox 519 1690 641 1749; x_wconf 80' lang='lat' dir='ltr'>aedibus</span> <span class='ocrx_word' id='word_1_110' title='bbox 661 1690 805 1766; x_wconf 63' lang='lat' dir='ltr'>manebat,</span> <span class='ocrx_word' id='word_1_111' title='bbox 826 1690 933 1767; x_wconf 77' lang='lat' dir='ltr'>gratiae</span> <span class='ocrx_word' id='word_1_112' title='bbox 952 1710 1005 1768; x_wconf 86' lang='lat' dir='ltr'>pro</span> <span class='ocrx_word' id='word_1_113' title='bbox 1024 1694 1108 1749; x_wconf 87' lang='lat' dir='ltr'>tanto</span> 
     </span>
     <span class='ocr_line' id='line_1_16' title="bbox 160 1781 1108 1860; baseline -0.003 -16"><span class='ocrx_word' id='word_1_114' title='bbox 160 1783 300 1845; x_wconf 82' lang='lat' dir='ltr'>beneficio</span> <span class='ocrx_word' id='word_1_115' title='bbox 313 1782 427 1843; x_wconf 79' lang='lat' dir='ltr'>Baccho</span> <span class='ocrx_word' id='word_1_116' title='bbox 441 1781 587 1860; x_wconf 80' lang='lat' dir='ltr'>persolvit</span> <span class='ocrx_word' id='word_1_117' title='bbox 629 1782 761 1841; x_wconf 82' lang='lat' dir='ltr'>Tandem</span> <span class='ocrx_word' id='word_1_118' title='bbox 773 1782 871 1842; x_wconf 86' lang='lat' dir='ltr'>labore</span> <span class='ocrx_word' id='word_1_119' title='bbox 883 1782 977 1843; x_wconf 77' lang='lat' dir='ltr'>leesne</span> <span class='ocrx_word' id='word_1_120' title='bbox 990 1801 1108 1843; x_wconf 75' lang='lat' dir='ltr'>coenem</span> 
     </span>
     <span class='ocr_line' id='line_1_17' title="bbox 161 1874 1108 1957; baseline 0 -22"><span class='ocrx_word' id='word_1_121' title='bbox 161 1877 263 1957; x_wconf 73' lang='lat' dir='ltr'>poerit,</span> <span class='ocrx_word' id='word_1_122' title='bbox 285 1875 447 1953; x_wconf 69' lang='lat' dir='ltr'>evidieque</span> <span class='ocrx_word' id='word_1_123' title='bbox 468 1874 560 1935; x_wconf 78' lang='lat' dir='ltr'>oculis</span> <span class='ocrx_word' id='word_1_124' title='bbox 580 1874 670 1951; x_wconf 88' lang='lat' dir='ltr'>dapee</span> <span class='ocrx_word' id='word_1_125' title='bbox 689 1874 857 1952; x_wconf 76' lang='lat' dir='ltr'>splendidae</span> <span class='ocrx_word' id='word_1_126' title='bbox 879 1874 992 1937; x_wconf 74' lang='lat' dir='ltr'>lustrat.</span> <span class='ocrx_word' id='word_1_127' title='bbox 1034 1875 1108 1935; x_wconf 88' lang='lat' dir='ltr'>Mox</span> 
     </span>
     <span class='ocr_line' id='line_1_18' title="bbox 161 1967 1108 2048; baseline -0.005 -16"><span class='ocrx_word' id='word_1_128' title='bbox 161 1978 259 2032; x_wconf 85' lang='lat' dir='ltr'>tamen</span> <span class='ocrx_word' id='word_1_129' title='bbox 271 1970 325 2030; x_wconf 88' lang='lat' dir='ltr'>ubi</span> <span class='ocrx_word' id='word_1_130' title='bbox 338 1969 447 2048; x_wconf 81' lang='lat' dir='ltr'>piarem</span> <span class='ocrx_word' id='word_1_131' title='bbox 460 1969 498 2028; x_wconf 88' lang='lat' dir='ltr'>ad</span> <span class='ocrx_word' id='word_1_132' title='bbox 518 1986 550 2028; x_wconf 85' lang='lat' dir='ltr'>oa</span> <span class='ocrx_word' id='word_1_133' title='bbox 570 1967 716 2044; x_wconf 83' lang='lat' dir='ltr'>admovet,</span> <span class='ocrx_word' id='word_1_134' title='bbox 731 1968 815 2028; x_wconf 85' lang='lat' dir='ltr'>eibne</span> <span class='ocrx_word' id='word_1_135' title='bbox 834 1969 868 2028; x_wconf 89' lang='lat' dir='ltr'>in</span> <span class='ocrx_word' id='word_1_136' title='bbox 886 1988 989 2030; x_wconf 86' lang='lat' dir='ltr'>aurum</span> <span class='ocrx_word' id='word_1_137' title='bbox 1009 1971 1108 2030; x_wconf 81' lang='lat' dir='ltr'>atatim</span> 
     </span>
     <span class='ocr_line' id='line_1_19' title="bbox 160 2060 1109 2140; baseline -0.006 -14"><span class='ocrx_word' id='word_1_138' title='bbox 160 2069 290 2126; x_wconf 79' lang='lat' dir='ltr'>mutatur</span> <span class='ocrx_word' id='word_1_139' title='bbox 303 2067 348 2123; x_wconf 83' lang='lat' dir='ltr'>eat</span> <span class='ocrx_word' id='word_1_140' title='bbox 356 2083 366 2137; x_wconf 79' lang='lat'>3</span> <span class='ocrx_word' id='word_1_141' title='bbox 385 2081 438 2122; x_wconf 83' lang='lat' dir='ltr'>rex</span> <span class='ocrx_word' id='word_1_142' title='bbox 454 2061 550 2138; x_wconf 81' lang='lat' dir='ltr'>igitur,</span> <span class='ocrx_word' id='word_1_143' title='bbox 566 2062 651 2138; x_wconf 75' lang='lat' dir='ltr'>cnjus</span> <span class='ocrx_word' id='word_1_144' title='bbox 671 2061 704 2120; x_wconf 90' lang='lat' dir='ltr'>in</span> <span class='ocrx_word' id='word_1_145' title='bbox 722 2060 856 2122; x_wconf 77' lang='lat' dir='ltr'>faucibus</span> <span class='ocrx_word' id='word_1_146' title='bbox 868 2062 961 2140; x_wconf 80' lang='lat' dir='ltr'>rigide</span> <span class='ocrx_word' id='word_1_147' title='bbox 973 2062 1109 2122; x_wconf 75' lang='lat' dir='ltr'>haerebat</span> 
     </span>
     <span class='ocr_line' id='line_1_20' title="bbox 161 2153 1107 2233; baseline -0.004 -15"><span class='ocrx_word' id='word_1_148' title='bbox 161 2177 263 2232; x_wconf 75' lang='lat' dir='ltr'>nra-aa,</span> <span class='ocrx_word' id='word_1_149' title='bbox 277 2156 381 2217; x_wconf 83' lang='lat' dir='ltr'>vinum</span> <span class='ocrx_word' id='word_1_150' title='bbox 394 2154 506 2233; x_wconf 82' lang='lat' dir='ltr'>poscit3</span> <span class='ocrx_word' id='word_1_151' title='bbox 525 2153 604 2214; x_wconf 87' lang='lat' dir='ltr'>idem</span> <span class='ocrx_word' id='word_1_152' title='bbox 619 2154 725 2214; x_wconf 81' lang='lat' dir='ltr'>evenit</span> <span class='ocrx_word' id='word_1_153' title='bbox 761 2154 892 2215; x_wconf 80' lang='lat' dir='ltr'>Tandem</span> <span class='ocrx_word' id='word_1_154' title='bbox 905 2175 958 2216; x_wconf 83' lang='lat' dir='ltr'>rex</span> <span class='ocrx_word' id='word_1_155' title='bbox 971 2157 1107 2231; x_wconf 76' lang='lat' dir='ltr'>esuriens,</span> 
     </span>
     <span class='ocr_line' id='line_1_21' title="bbox 161 2247 1107 2330; baseline -0.003 -18"><span class='ocrx_word' id='word_1_156' title='bbox 161 2252 240 2330; x_wconf 92' lang='lat' dir='ltr'>quod</span> <span class='ocrx_word' id='word_1_157' title='bbox 259 2250 336 2310; x_wconf 92' lang='lat' dir='ltr'>nihil</span> <span class='ocrx_word' id='word_1_158' title='bbox 356 2268 409 2308; x_wconf 81' lang='lat' dir='ltr'>nee</span> <span class='ocrx_word' id='word_1_159' title='bbox 430 2248 542 2321; x_wconf 86' lang='lat' dir='ltr'>edebat,</span> <span class='ocrx_word' id='word_1_160' title='bbox 563 2266 618 2308; x_wconf 81' lang='lat' dir='ltr'>nee</span> <span class='ocrx_word' id='word_1_161' title='bbox 637 2247 759 2308; x_wconf 86' lang='lat' dir='ltr'>bibebat</span> <span class='ocrx_word' id='word_1_162' title='bbox 777 2248 976 2326; x_wconf 79' lang='lat' dir='ltr'>compluribue</span> <span class='ocrx_word' id='word_1_163' title='bbox 995 2248 1107 2324; x_wconf 76' lang='lat' dir='ltr'>diebus,</span> 
     </span>
     <span class='ocr_line' id='line_1_22' title="bbox 162 2339 1110 2421; baseline -0.003 -16"><span class='ocrx_word' id='word_1_164' title='bbox 162 2344 297 2405; x_wconf 83' lang='lat' dir='ltr'>maximia</span> <span class='ocrx_word' id='word_1_165' title='bbox 320 2341 456 2421; x_wconf 84' lang='lat' dir='ltr'>precibne</span> <span class='ocrx_word' id='word_1_166' title='bbox 478 2340 627 2401; x_wconf 76' lang='lat' dir='ltr'>Bacchum</span> <span class='ocrx_word' id='word_1_167' title='bbox 651 2347 722 2401; x_wconf 83' lang='lat' dir='ltr'>oret</span> <span class='ocrx_word' id='word_1_168' title='bbox 765 2339 841 2401; x_wconf 90' lang='lat' dir='ltr'>Inde</span> <span class='ocrx_word' id='word_1_169' title='bbox 864 2360 930 2401; x_wconf 83' lang='lat' dir='ltr'>enm</span> <span class='ocrx_word' id='word_1_170' title='bbox 954 2342 1016 2402; x_wconf 83' lang='lat' dir='ltr'>rien</span> <span class='ocrx_word' id='word_1_171' title='bbox 1037 2343 1110 2402; x_wconf 81' lang='lat' dir='ltr'>deus</span> 
     </span>
     <span class='ocr_line' id='line_1_23' title="bbox 162 2438 509 2499; baseline -0.009 -1"><span class='ocrx_word' id='word_1_172' title='bbox 162 2439 250 2499; x_wconf 83' lang='lat' dir='ltr'>fatale</span> <span class='ocrx_word' id='word_1_173' title='bbox 263 2438 373 2498; x_wconf 85' lang='lat' dir='ltr'>denum</span> <span class='ocrx_word' id='word_1_174' title='bbox 387 2441 509 2496; x_wconf 82' lang='lat' dir='ltr'>amovet</span> 
     </span>
    </p>
   </div>
   <div class='ocr_carea' id='block_1_5' title="bbox 412 2595 864 2680">
    <p class='ocr_par' dir='ltr' id='par_1_5' title="bbox 412 2595 864 2680">
     <span class='ocr_line' id='line_1_24' title="bbox 412 2595 864 2680; baseline 0 -18"><span class='ocrx_word' id='word_1_175' title='bbox 412 2598 464 2677; x_wconf 91' lang='lat'>64.</span> <span class='ocrx_word' id='word_1_176' title='bbox 488 2596 556 2661; x_wconf 79' lang='lat' dir='ltr'>Tlre</span> <span class='ocrx_word' id='word_1_177' title='bbox 571 2595 745 2680; x_wconf 82' lang='lat' dir='ltr'>Gossiping</span> <span class='ocrx_word' id='word_1_178' title='bbox 761 2597 794 2661; x_wconf 89' lang='lat' dir='ltr'><em>T</em></span> <span class='ocrx_word' id='word_1_179' title='bbox 790 2618 864 2662; x_wconf 83' lang='lat' dir='ltr'>rees.</span> 
     </span>
    </p>
   </div>
   <div class='ocr_carea' id='block_1_6' title="bbox 161 2716 1112 3458">
    <p class='ocr_par' dir='ltr' id='par_1_6' title="bbox 161 2716 1112 3458">
     <span class='ocr_line' id='line_1_25' title="bbox 202 2716 1109 2798; baseline -0.002 -18"><span class='ocrx_word' id='word_1_180' title='bbox 202 2717 404 2798; x_wconf 70' lang='lat' dir='ltr'>Apollonlim</span> <span class='ocrx_word' id='word_1_181' title='bbox 416 2737 520 2778; x_wconf 84' lang='lat' dir='ltr'>eurvae</span> <span class='ocrx_word' id='word_1_182' title='bbox 532 2717 614 2794; x_wconf 88' lang='lat' dir='ltr'>lyrae</span> <span class='ocrx_word' id='word_1_183' title='bbox 627 2718 771 2790; x_wconf 86' lang='lat' dir='ltr'>inventor,</span> <span class='ocrx_word' id='word_1_184' title='bbox 784 2737 851 2776; x_wconf 83' lang='lat' dir='ltr'>cum</span> <span class='ocrx_word' id='word_1_185' title='bbox 865 2716 970 2795; x_wconf 82' lang='lat' dir='ltr'>Satyro</span> <span class='ocrx_word' id='word_1_186' title='bbox 984 2716 1109 2794; x_wconf 85' lang='lat' dir='ltr'>quodam</span> 
     </span>
     <span class='ocr_line' id='line_1_26' title="bbox 162 2813 1109 2878; baseline -0.004 0"><span class='ocrx_word' id='word_1_187' title='bbox 162 2814 513 2878; x_wconf 67' lang='lat' dir='ltr'>dearteeufideoertabat</span> <span class='ocrx_word' id='word_1_188' title='bbox 556 2813 687 2872; x_wconf 79' lang='lat' dir='ltr'>Tandem</span> <span class='ocrx_word' id='word_1_189' title='bbox 697 2814 774 2872; x_wconf 89' lang='lat' dir='ltr'>tanti</span> <span class='ocrx_word' id='word_1_190' title='bbox 783 2814 949 2874; x_wconf 78' lang='lat' dir='ltr'>certaminia</span> <span class='ocrx_word' id='word_1_191' title='bbox 958 2815 1109 2874; x_wconf 78' lang='lat' dir='ltr'>arbitrium</span> 
     </span>
     <span class='ocr_line' id='line_1_27' title="bbox 161 2905 1109 2987; baseline -0.006 -15"><span class='ocrx_word' id='word_1_192' title='bbox 161 2912 248 2972; x_wconf 85' lang='lat' dir='ltr'>ambo</span> <span class='ocrx_word' id='word_1_193' title='bbox 268 2911 306 2970; x_wconf 88' lang='lat' dir='ltr'>ad</span> <span class='ocrx_word' id='word_1_194' title='bbox 325 2909 440 2968; x_wconf 90' lang='lat' dir='ltr'>Midam</span> <span class='ocrx_word' id='word_1_195' title='bbox 458 2926 555 2984; x_wconf 81' lang='lat' dir='ltr'>regem</span> <span class='ocrx_word' id='word_1_196' title='bbox 577 2907 628 2986; x_wconf 87' lang='lat' dir='ltr'>(de</span> <span class='ocrx_word' id='word_1_197' title='bbox 647 2925 706 2984; x_wconf 91' lang='lat' dir='ltr'>quo</span> <span class='ocrx_word' id='word_1_198' title='bbox 725 2924 813 2984; x_wconf 79' lang='lat' dir='ltr'>snpra</span> <span class='ocrx_word' id='word_1_199' title='bbox 835 2905 1109 2987; x_wconf 73' lang='lat' dir='ltr'>demonstravimus)</span> 
     </span>
     <span class='ocr_line' id='line_1_28' title="bbox 162 3000 1108 3077; baseline -0.006 -11"><span class='ocrx_word' id='word_1_200' title='bbox 162 3006 375 3066; x_wconf 72' lang='lat' dir='ltr'>commiserunt</span> <span class='ocrx_word' id='word_1_201' title='bbox 418 3001 484 3060; x_wconf 84' lang='lat' dir='ltr'>Rex</span> <span class='ocrx_word' id='word_1_202' title='bbox 494 3007 600 3073; x_wconf 84' lang='lat' dir='ltr'>autem,</span> <span class='ocrx_word' id='word_1_203' title='bbox 612 3001 664 3077; x_wconf 90' lang='lat' dir='ltr'>qui</span> <span class='ocrx_word' id='word_1_204' title='bbox 674 3018 810 3059; x_wconf 75' lang='lat' dir='ltr'>numeros</span> <span class='ocrx_word' id='word_1_205' title='bbox 820 3000 939 3059; x_wconf 91' lang='lat' dir='ltr'>omnino</span> <span class='ocrx_word' id='word_1_206' title='bbox 950 3000 1108 3077; x_wconf 79' lang='lat' dir='ltr'>ignorabat,</span> 
     </span>
     <span class='ocr_line' id='line_1_29' title="bbox 162 3093 1110 3177; baseline -0.004 -19"><span class='ocrx_word' id='word_1_207' title='bbox 162 3104 315 3177; x_wconf 78' lang='lat' dir='ltr'>postquem</span> <span class='ocrx_word' id='word_1_208' title='bbox 339 3094 467 3155; x_wconf 81' lang='lat' dir='ltr'>carmina</span> <span class='ocrx_word' id='word_1_209' title='bbox 489 3094 651 3170; x_wconf 74' lang='lat' dir='ltr'>utriusque</span> <span class='ocrx_word' id='word_1_210' title='bbox 674 3094 833 3167; x_wconf 83' lang='lat' dir='ltr'>audiverat,</span> <span class='ocrx_word' id='word_1_211' title='bbox 855 3093 961 3172; x_wconf 82' lang='lat' dir='ltr'>Satyro</span> <span class='ocrx_word' id='word_1_212' title='bbox 984 3094 1110 3171; x_wconf 74' lang='lat' dir='ltr'>palmam</span> 
     </span>
     <span class='ocr_line' id='line_1_30' title="bbox 162 3187 1111 3267; baseline -0.005 -14"><span class='ocrx_word' id='word_1_213' title='bbox 162 3193 250 3253; x_wconf 82' lang='lat' dir='ltr'>dedit</span> <span class='ocrx_word' id='word_1_214' title='bbox 293 3191 376 3251; x_wconf 81' lang='lat' dir='ltr'>Deua</span> <span class='ocrx_word' id='word_1_215' title='bbox 395 3189 493 3267; x_wconf 82' lang='lat' dir='ltr'>igitur,</span> <span class='ocrx_word' id='word_1_216' title='bbox 508 3187 563 3247; x_wconf 87' lang='lat' dir='ltr'>tali</span> <span class='ocrx_word' id='word_1_217' title='bbox 582 3187 709 3246; x_wconf 72' lang='lat' dir='ltr'>stultitia</span> <span class='ocrx_word' id='word_1_218' title='bbox 729 3188 829 3263; x_wconf 78' lang='lat' dir='ltr'>iratur,</span> <span class='ocrx_word' id='word_1_219' title='bbox 845 3187 935 3264; x_wconf 80' lang='lat' dir='ltr'>rapiti</span> <span class='ocrx_word' id='word_1_220' title='bbox 948 3188 1024 3265; x_wconf 81' lang='lat' dir='ltr'>regie</span> <span class='ocrx_word' id='word_1_221' title='bbox 1036 3188 1111 3248; x_wconf 83' lang='lat' dir='ltr'>aaini</span> 
     </span>
     <span class='ocr_line' id='line_1_31' title="bbox 162 3280 1112 3358; baseline -0.006 -12"><span class='ocrx_word' id='word_1_222' title='bbox 162 3305 244 3347; x_wconf 84' lang='lat' dir='ltr'>auree</span> <span class='ocrx_word' id='word_1_223' title='bbox 270 3284 371 3345; x_wconf 85' lang='lat' dir='ltr'>affixit</span> <span class='ocrx_word' id='word_1_224' title='bbox 425 3283 501 3342; x_wconf 81' lang='lat' dir='ltr'>&#39;snm</span> <span class='ocrx_word' id='word_1_225' title='bbox 531 3299 584 3340; x_wconf 82' lang='lat' dir='ltr'>rex</span> <span class='ocrx_word' id='word_1_226' title='bbox 611 3280 750 3340; x_wconf 82' lang='lat' dir='ltr'>callidum</span> <span class='ocrx_word' id='word_1_227' title='bbox 777 3281 933 3340; x_wconf 77' lang='lat' dir='ltr'>consilium</span> <span class='ocrx_word' id='word_1_228' title='bbox 960 3282 1112 3358; x_wconf 80' lang='lat' dir='ltr'>concepit3</span> 
     </span>
     <span class='ocr_line' id='line_1_32' title="bbox 162 3373 1112 3458; baseline -0.007 -17"><span class='ocrx_word' id='word_1_229' title='bbox 162 3379 272 3458; x_wconf 77' lang='lat' dir='ltr'>regium</span> <span class='ocrx_word' id='word_1_230' title='bbox 292 3377 370 3438; x_wconf 91' lang='lat' dir='ltr'>enim</span> <span class='ocrx_word' id='word_1_231' title='bbox 390 3380 537 3436; x_wconf 76' lang='lat' dir='ltr'>tonsorem</span> <span class='ocrx_word' id='word_1_232' title='bbox 556 3373 669 3445; x_wconf 81' lang='lat' dir='ltr'>aaoivit,</span> <span class='ocrx_word' id='word_1_233' title='bbox 683 3373 768 3451; x_wconf 69' lang='lat' dir='ltr'>eujus</span> <span class='ocrx_word' id='word_1_234' title='bbox 787 3377 874 3451; x_wconf 76' lang='lat' dir='ltr'>operi</span> <span class='ocrx_word' id='word_1_235' title='bbox 887 3393 973 3435; x_wconf 84' lang='lat' dir='ltr'>enum</span> <span class='ocrx_word' id='word_1_236' title='bbox 986 3373 1112 3436; x_wconf 84' lang='lat' dir='ltr'>dederna</span> 
     </span>
    </p>
   </div>
   <div class='ocr_carea' id='block_1_7' title="bbox 0 0 1219 3875">
    <p class='ocr_par' dir='ltr' id='par_1_7' title="bbox 0 0 1219 3875">
     <span class='ocr_line' id='line_1_33' title="bbox 0 0 1219 3875; baseline 0 0"><span class='ocrx_word' id='word_1_237' title='bbox 0 0 1219 3875; x_wconf 95' lang='lat' dir='ltr'> </span> 
     </span>
    </p>
   </div>
  </div>
 </body>
</html>
