2409 3875
428 213 703 281 Translstions.
1001 212 1037 270 31

98 403 171 463 farne
192 404 324 481 languidi
344 423 406 463 sese
426 403 482 463 sub
501 403 602 463 arbore
623 403 773 480 dejiciunt.
816 402 897 461 Mors
917 402 1043 479 benigna

18 559 21 567 ,
98 496 224 555 celeriter
244 497 311 555 finit
332 497 450 570 labores,
472 516 525 555 nec
547 496 656 556 deerat
675 496 769 555 honor
788 495 922 573 sepulcri,
937 513 1042 571 parvae

99 588 174 645 enim
188 606 256 649 sves
269 607 387 665 corpora
400 589 553 647 frondibus
568 589 676 647 teneris
690 593 832 649 texerunt

326 842 377 907 44
407 826 472 890 The
486 826 574 891 Rats
590 826 625 890 in
642 824 694 889 tlte
709 826 810 892 Bam.

136 976 207 1035 Erat
220 974 291 1035 olim
303 974 336 1034 in
350 974 506 1033 Germanii
519 973 595 1034 inals
609 975 707 1050 semes,
723 976 824 1034 messis
835 974 914 1035 enim
924 993 958 1035 ec
968 993 1043 1034 anno

97 1068 178 1129 nulla
209 1070 311 1128 fueret.
365 1068 474 1144 Magna
502 1069 593 1145 igitur
620 1069 707 1128 turba
733 1069 844 1129 civium
870 1069 1002 1146 quotidie
1027 1089 1045 1128 a

97 1162 227 1240 principe
249 1179 356 1239 panem
379 1160 565 1221 sibimenter
588 1161 712 1237 petebat
757 1161 888 1221 Tandem
911 1162 1045 1239 precibus

98 1274 195 1315 eorum
209 1255 312 1328 fessus,
327 1255 460 1331 princeps
474 1254 599 1313 crudelis
616 1272 716 1313 omnes
735 1254 768 1313 in
788 1253 924 1314 horreum
943 1255 1045 1331 ingens

97 1351 173 1408 vani
193 1366 245 1425 spe
266 1347 325 1406 cibi
347 1347 472 1407 induxit
517 1346 591 1405 Mox
611 1346 664 1405 ubi
688 1345 823 1405 horreum
846 1345 967 1423 plenum
987 1347 1046 1406 luit

97 1441 226 1499 flammas
247 1444 323 1499 tecto
337 1439 475 1513 admovit,
492 1446 521 1498 et
534 1457 634 1499 omnes
647 1439 685 1498 cd
698 1458 791 1497 unum
811 1438 927 1501 delevit
970 1440 1045 1499 Inde

98 1532 358 1592 dumclsmoribus
380 1532 549 1591 miserrimis
570 1537 600 1591 et
621 1532 733 1591 caelum
754 1536 784 1590 et
803 1535 880 1590 terra
899 1531 1044 1607 resdnsnt,
1074 1520 1083 1537 ’

100 1625 263 1700 “Audita''
283 1626 391 1702 inquit,
411 1626 564 1684 “mnrium
578 1623 758 1685 stridorem.''
799 1611 1044 1699 virescerent,

97 1736 300 1796 quumvocem
311 1718 718 1795 magnsmcomiteseudiunt
763 1719 782 1751 ‘⁴
790 1716 833 1777 At
841 1718 935 1791 miser,
947 1718 1046 1795 paucis

97 1816 164 1888 post
177 1810 289 1887 diebus,
304 1811 393 1870 iidem
407 1830 502 1870 mures
516 1816 600 1871 tuum
614 1830 718 1890 corpus
731 1811 939 1874 devorabunt.”

226 2045 277 2114 45.
305 2033 337 2096 T
332 2031 371 2096 loo
384 2033 472 2096 Rats
489 2032 525 2096 in
540 2032 591 2096 tlzo
605 2032 699 2096 Barn
712 2031 919 2118 (continued).

139 2187 177 2245 In
190 2185 286 2244 medio
301 2184 405 2245 Rheno
415 2185 489 2244 forte
504 2203 537 2244 eo
551 2188 679 2262 tempore
692 2185 788 2245 subet
798 2182 884 2245 turris
894 2184 1047 2261 altissims3

11 2289 12 2310 l
96 2281 156 2338 huc
170 2279 311 2355 princeps,
327 2279 390 2336 dire
403 2296 474 2338 voce
487 2278 663 2355 perterritus,
679 2278 755 2355 fugit
762 2299 773 2353 ;
793 2278 870 2337 nihil
883 2278 962 2336 enim
973 2283 1049 2355 aqui

97 2372 192 2432 tutius
205 2370 302 2430 hebet.
345 2370 404 2429 Hic
417 2388 510 2430 unum
524 2371 602 2430 diem
616 2372 750 2430 manebat
764 2375 853 2445 tutus,
869 2376 899 2430 et
912 2370 1049 2446 alterum3

97 2465 185 2523 tertia
195 2468 294 2522 tamen
304 2472 389 2522 nocte
400 2464 533 2523 custodes
546 2463 629 2522 mille
641 2464 749 2541 pedum
759 2464 901 2541 crepitum
914 2465 1046 2526 audiunt

97 2556 173 2616 Mox
193 2556 245 2614 ubi
268 2557 313 2615 sol
335 2557 430 2616 noctis
457 2557 574 2617 umbras
594 2557 717 2634 fugavit,
736 2556 863 2616 immane
882 2563 1050 2635 portentum

97 2649 212 2709 vident
266 2648 428 2725 Utramque
456 2649 535 2708 enim
558 2649 653 2726 ripam
676 2648 806 2708 fluminis
830 2650 1051 2710 innumerabilis

97 2741 227 2801 murium
260 2741 419 2802 multitudo
453 2742 586 2819 complet
650 2741 720 2802 Jam
751 2761 848 2802 mures
880 2743 915 2802 in
946 2762 1050 2821 aquam

98 2835 249 2910 desiliunt,
279 2834 450 2910 turrimque
477 2839 590 2911 petunt.
646 2835 767 2894 Frustra
793 2836 927 2913 princeps
954 2843 1051 2913 portes

97 2929 307 3004 fenestras-que
321 2926 435 2987 obediat
443 2946 453 3001 ;
473 2925 506 2986 hi
520 2928 599 2987 enim
619 2928 765 2988 scandunt
778 2947 883 3002 muros,
899 2927 945 2988 illi
961 2931 1051 2990 acutis

98 3019 238 3081 dentibus
252 3020 362 3097 ligneas
381 3023 480 3097 portas
500 3019 616 3080 rodunt.
660 3020 773 3080 Possim
793 3021 826 3080 in
846 3021 932 3081 aedes
952 3023 1053 3081 irrum-

98 3117 187 3192 punt,
202 3117 232 3172 et
246 3113 375 3172 universi
388 3114 421 3172 in
435 3113 597 3191 principem
615 3113 759 3192 impetum
772 3115 891 3177 faciunt
935 3115 1052 3176 Frustra

97 3209 126 3265 is
149 3206 221 3264 deos
244 3205 477 3280 insuescimus,
500 3207 632 3266 sexcenti
657 3207 735 3266 enim
761 3206 859 3267 hostes
882 3228 920 3268 ex
942 3211 1052 3270 ossibus

98 3303 200 3359 cutem
233 3297 386 3373 divellunt,
416 3303 446 3356 et
476 3299 601 3358 crudelis
635 3298 706 3360 facti
739 3301 899 3360 terribilem
932 3321 1054 3379 poenam

99 3395 229 3452 sumunt
