2409 3875
447 263 723 334 Translatione.

300 539 445 601 PIECES
466 539 550 600 FOR
568 536 868 600 TRANSLATION.

348 687 416 750 131.
443 671 475 734 T
471 669 510 736 lte
523 669 684 751 Donkey’s
697 669 829 734 Advice.

152 806 290 882 Agricola
315 805 444 881 quidem,
465 805 584 864 nemine
606 803 687 878 Ceto,
709 822 869 863 sermonem
890 803 1060 862 animalium

113 898 269 957 intellexit.
312 897 372 957 Hie
385 898 456 957 olim
469 897 583 973 berem,
596 897 649 974 qui
661 897 808 956 fortunam
821 897 972 956 adversam
982 895 1061 973 apud

115 993 229 1050 asinum
243 992 424 1068 querebatur,
439 991 560 1052 audivit
600 995 618 1024 “
627 989 777 1065 Utinam,’'
787 990 885 1066 inquit
894 989 956 1063 bos,
970 991 988 1020 “
998 1006 1061 1046 mee

114 1089 232 1148 fortune
251 1097 318 1147 tuae
343 1087 446 1148 similis
468 1092 550 1147 esset
593 1087 635 1146 Te
659 1086 790 1163 quotidie
810 1090 908 1145 nester
926 1085 1062 1162 magister

115 1181 270 1258 diligenter
279 1185 368 1255 euret,
380 1180 437 1240 tibi
447 1180 649 1239 dulcissimum
658 1179 756 1238 eibum
770 1184 870 1257 peret3
890 1197 942 1256 ego
952 1183 1060 1250 temen,

115 1275 167 1350 qui
186 1273 294 1333 arando
308 1279 404 1333 totum
417 1273 496 1332 diem
516 1292 663 1346 consume,
685 1273 814 1350 gramine
832 1290 932 1331 vescor
952 1271 1060 1330 tenui.”

116 1366 173 1426 Cui
186 1367 293 1439 minus,
310 1367 383 1424 “Tu
397 1371 503 1440 temen,
519 1385 536 1426 o
551 1367 731 1438 stultissime,
746 1365 848 1424 merito
861 1365 932 1424 haee
946 1363 1060 1442 peteris,

115 1459 194 1536 quod
214 1460 281 1537 jugi
303 1459 428 1518 nimium
452 1459 566 1536 petiens
588 1479 626 1518 es.
671 1459 733 1520 Cur
755 1476 815 1517 nen
838 1458 974 1535 magistro
997 1458 1063 1517 istis

22 1555 29 1560 ”
115 1553 252 1612 cornibus
268 1558 392 1612 mertem
411 1553 550 1611 minaris?
589 1552 651 1613 Cur
669 1570 730 1611 non
749 1556 878 1628 mugitus
898 1551 1063 1611 horrisonos

116 1645 198 1704 editt
255 1645 321 1704 Hoc
349 1645 469 1704 consilio
496 1664 567 1704 usus
594 1645 742 1704 fortunam
769 1645 916 1703 meliorem
950 1645 1060 1714 reddes.

116 1738 233 1813 Cibum,
249 1758 335 1816 quern
348 1739 406 1797 tibi
422 1738 509 1797 hodie
522 1739 599 1797 servi
619 1738 780 1809 attulerint,
796 1736 879 1796 idere
900 1737 982 1812 noli;
1001 1758 1063 1796 eree

116 1838 222 1907 eutem,
239 1852 276 1891 ne
296 1837 326 1890 te
346 1837 439 1891 aratro
456 1833 592 1908 jungent,
608 1832 688 1890 omni
702 1832 733 1890 vi
746 1832 901 1908 repugne”
943 1831 1001 1890 Bes
1021 1832 1060 1905 id,

116 1927 197 2003 qued
230 1927 404 2003 imperatum
431 1929 483 1999 est,
512 1926 590 1985 feeit
646 1923 690 1985 At
716 1926 858 2003 magister,
888 1925 940 2003 qui
966 1927 1063 1985 emnie

116 2020 277 2095 audiveret,
291 2025 326 2079 ut
338 2020 453 2078 asinum
466 2038 519 2097 pro
533 2019 655 2079 consilio
675 2019 800 2097 puniret,
816 2038 883 2079 eum
904 2024 997 2080 aratro
1010 2040 1063 2097 pre

117 2114 192 2173 bove
202 2114 288 2190 jungi
298 2113 397 2189 jussit.

241 2308 310 2373 132.
339 2290 404 2354 lee
418 2290 580 2372 Donkey’s
593 2290 720 2355 Advice
736 2289 945 2377 (continued).
1021 2376 1025 2385 .

157 2427 289 2505 Vesperi,
300 2409 353 2486 ubi
363 2427 471 2501 asinus,
483 2427 581 2485 lebore
591 2426 708 2486 insueto
719 2426 857 2502 defessus,
868 2426 906 2486 ed
916 2428 1064 2489 stabulum

117 2520 360 2595 rediit,eeomite
370 2520 492 2579 summis
502 2519 640 2578 leudibus
650 2525 784 2597 aceeptus
794 2525 845 2580 est.
890 2520 947 2581 Ille
957 2528 1061 2598 eutem,

118 2634 205 2692 quem
217 2614 322 2693 prioris
335 2612 451 2673 consilii
464 2614 527 2689 jam
539 2612 717 2689 poenitebat,
733 2613 857 2673 amicum
878 2615 921 2673 ite
940 2619 1061 2677 monuit

120 2707 236 2780 “Cave,
256 2708 299 2766 mi
318 2707 418 2781 emiee,
439 2725 478 2765 ne
497 2705 578 2765 istud
599 2706 693 2765 otium
713 2706 770 2765 tibi
790 2706 856 2784 plus
878 2727 965 2785 quam
983 2711 1065 2771 leber

118 2800 259 2880 pristinus
272 2806 382 2860 noceat
427 2801 530 2875 Nuper
545 2799 633 2871 enim,
650 2799 720 2859 dum
742 2819 779 2859 ex
799 2801 873 2877 egris
893 2802 986 2877 redeo,
1002 2823 1065 2864 nos-

118 2899 197 2953 trum
221 2892 322 2951 eudivi
345 2892 523 2969 magistrum,
545 2892 598 2968 qui
622 2896 651 2950 te
672 2911 733 2951 eres
753 2894 873 2951 meeteri
888 2896 986 2970 jussit,
1007 2899 1065 2959 nisi

119 3005 204 3064 opere
217 2985 304 3044 solito
317 2985 402 3061 fungi
416 2984 512 3044 velles.
556 2984 587 3043 N
588 2988 604 3043 e
618 2989 648 3043 te
661 2986 723 3043 sine
738 2990 823 3044 eruet
842 2992 924 3047 tento
938 2991 1065 3065 periculo

120 3079 287 3139 obtuleris.”
328 3078 442 3153 Quibus
462 3078 560 3137 verbis
583 3079 761 3156 perterritus,
783 3078 846 3156 bos,
867 3082 919 3157 qui
940 3084 1066 3144 eultrum

119 3172 274 3232 sacerdotis
285 3174 348 3248 jem
361 3172 459 3231 animo
475 3173 642 3248 praesensit,
658 3172 763 3249 gratiae
784 3174 866 3233 esino
880 3194 932 3251 pro
946 3178 1065 3238 consilio

120 3264 277 3324 utilissime
301 3265 367 3342 egit.
410 3264 530 3324 Postero
556 3265 647 3342 igitur
671 3262 727 3337 die,
753 3265 807 3324 ubi
834 3267 962 3344 egrieele'
985 3289 1066 3348 egros

119 3359 225 3417 iterum
245 3377 325 3417 erere
344 3356 448 3431 voluit,
470 3356 523 3417 bos
538 3359 612 3435 jugo
632 3374 790 3434 repugnare
810 3375 871 3418 nen
891 3379 986 3438 ausus,
1003 3364 1066 3439 ipse

119 3469 205 3510 suurn
220 3450 330 3509 eollnm
343 3455 438 3509 aretro
451 3450 592 3527 praebuit.
