2409 3875
484 236 755 306 Translations.

406 530 475 596 133.
503 512 570 577 The
586 512 691 581 cock’s
704 514 838 579 Advice.

186 647 229 708 At
242 649 386 726 magister,
400 650 453 727 qui
465 651 563 711 omnia
575 651 735 725 audiverat,
750 651 905 728 prudentia
918 653 994 712 asini
1005 653 1096 712 valde

146 741 314 817 delectatus,
325 744 416 804 111111
429 762 490 804 non
502 744 657 806 continuit.
701 745 787 820 Quod
799 744 853 806 ubi
866 747 1003 823 cognovit
1016 765 1097 806 uxor

146 835 217 909 ejus,
232 853 308 912 quae
320 834 400 894 haud
413 837 512 914 procul
527 837 634 912 aberat,
649 838 836 918 rem'mirata,
851 857 966 898 1111111
977 857 1014 896 ex
1028 838 1097 915 ipso

145 928 296 1003 quaesivit
341 928 400 988 Hic
420 936 525 1003 autem,
544 931 592 992 cui
612 949 772 990 sermonem
792 930 963 990 animalium
983 931 1096 990 intelli-

144 1040 210 1097 gere
223 1041 391 1082 concessum
408 1026 477 1097 erat,
493 1028 526 1083 ei
546 1024 633 1083 modo
653 1023 829 1099 conditione,
849 1028 885 1083 ut
905 1024 991 1084 illum
1014 1025 1096 1084 nulli

146 1114 286 1191 proderet,
307 1134 346 1176 ne
365 1116 454 1175 fidem
468 1117 566 1176 (111111
579 1117 710 1192 violaret,
726 1117 845 1176 omuino
859 1117 980 1178 tacebat.
1026 1118 1094 1193 Quo
1194 1173 1195 1192 ,

145 1226 219 1266 uxor
232 1208 306 1267 irata
318 1209 382 1268 viro
395 1214 470 1286 aqua
480 1214 510 1270 et
523 1209 586 1286 igni
598 1209 761 1282 interdixit,
774 1209 845 1268 dum
859 1229 919 1270 rem
933 1211 1095 1289 patefacere
1194 1199 1195 1244 ³

145 1299 241 1360 vellet
286 1301 361 1360 Inde
384 1303 516 1379 agricola,
542 1301 600 1379 qui'
618 1306 746 1362 maestus
769 1320 802 1361 ac
825 1303 948 1379 jejunus
972 1303 1094 1362 domum

145 1393 252 1453 intrare
279 1411 340 1453 non
366 1398 522 1469 11111111,
537 1391 647 1473 agello
663 1395 790 1472 quodam
817 1395 860 1454 ita
886 1396 1014 1455 monitus
1038 1402 1092 1456 est.

147 1485 274 1547 “Pudet
300 1506 347 1546 me
374 1488 427 1559 tui,
453 1488 607 1564 magister,
634 1507 686 1564 ego
710 1487 797 1560 enim,
824 1487 872 1546 cui
893 1488 1000 1565 viginti
1023 1494 1095 1548 eunt

146 1598 257 1656 uxores,
279 1598 379 1640 omnes
398 1581 536 1640 facillime
550 1581 645 1654 domo,
660 1585 694 1640 tu
708 1585 815 1655 111111,
831 1582 883 1657 qui
896 1601 985 1640 uuam
1005 1583 1094 1642 modo

146 1672 244 1745 habes,
259 1692 323 1732 eam
335 1693 431 1752 regere
444 1693 506 1734 non
520 1674 629 1753 potes’'
671 1674 756 1749 Quod
770 1674 822 1733 ubi
844 1675 939 1734 audiit
959 1674 1092 1752 agricola,

146 1765 255 1842 pudore
274 1773 379 1839 motus,
397 1767 535 1827 baculum
554 1769 658 1846 ingens
677 1767 808 1844 arripuit,
825 1773 856 1828 et
868 1768 952 1829 brevi
972 1788 1093 1828 uxorem

147 1860 184 1918 ad
197 1860 316 1920 meliora
329 1862 451 1921 consilia
463 1862 553 1923 flexit

334 2108 401 2172 134
431 2091 462 2156 T
458 2091 497 2155 lte
510 2094 639 2156 Bottcm
655 2092 697 2173 of
706 2090 757 2154 tlte
775 2090 918 2156 Stream.

188 2228 326 2288 Boeotius
339 2229 466 2305 quidam,
482 2228 533 2305 qui
547 2247 599 2305 per
612 2232 717 2285 terram
736 2226 864 2303 ignotam
885 2228 940 2285 iter
959 2227 1089 2303 faciebat,

148 2322 186 2381 ad
203 2322 312 2382 flumen
332 2328 512 2395 montanum,
528 2321 609 2398 quod
627 2321 707 2380 viam
726 2319 947 2393 intercludebat,
962 2320 1088 2381 advenit

149 2417 252 2493 Itaque
265 2417 386 2476 miratus
396 2416 475 2493 quod
488 2420 570 2475 tanta
580 2415 625 2475 vis
639 2432 730 2491 aquae
744 2412 781 2471 ab
794 2418 854 2473 unt
867 2418 948 2490 parte
959 2413 1091 2473 volveba·
1170 2407 1173 2413 ’

148 2516 204 2583 111,
219 2510 271 2569 (111
283 2511 427 2588 patienter
440 2509 619 2587 expectabat,
635 2507 707 2566 dum
721 2506 858 2567 deflueret
876 2507 977 2568 amuis.
1020 2509 1091 2567 Tau·

149 2605 223 2679 dem,
245 2604 324 2681 quod
345 2604 478 2663 morandi
498 2622 564 2663 eum
585 2601 729 2673 taedebat,
743 2619 797 2659 nec
811 2601 856 2660 vis
870 2620 960 2677 aquae
974 2602 1091 2662 omniuo

149 2699 341 2773 minuebatur,
373 2698 535 2775 agricolam,
561 2698 615 2774 qui
648 2696 723 2754 forte
754 2694 895 2767 adstabat,
924 2694 1088 2771 appellavit.

151 2794 229 2866 “Tu,
261 2792 393 2869 quaeso,”
425 2792 530 2868 iuquit,
565 2795 661 2849 “vera
693 2786 768 2846 mihi
783 2787 958 2865 responde:
989 2788 1091 2847 imum-

148 2885 185 2946 11
208 2887 317 2945 flumen
340 2886 456 2944 firmum
481 2884 567 2943 estl''
610 2882 725 2941 “Nihil
750 2887 847 2958 potest
871 2900 931 2940 esse
956 2881 1091 2955 firmius,’'

147 2981 297 3057 respondit
330 2980 388 3040 ille.
452 2978 565 3053 Quibus
593 2977 688 3036 verbis
716 2977 901 3037 confirmatus
928 2974 960 3033 11
988 2994 1089 3051 aquam

148 3074 285 3133 Boeotius
305 3073 431 3132 desiluit
475 3070 561 3146 Quod
581 3074 678 3128 tamen
699 3069 807 3128 fiumen
827 3068 885 3126 fuit
908 3066 1087 3143 altissimum,

147 3169 203 3228 sub
226 3168 314 3227 undis
337 3184 456 3238 mersus,
482 3164 609 3223 natando
637 3168 760 3221 mortem
783 3162 837 3221 vix
864 3161 971 3237 effugit
1017 3160 1089 3221 Tum

147 3261 266 3321 Boeotio
279 3261 316 3319 de
330 3260 430 3319 fraude
444 3258 586 3335 querenti,
603 3258 623 3291 “
633 3256 674 3315 Te
688 3256 789 3330 certe,''
800 3254 949 3331 respondit
959 3254 1085 3331 agricola,

150 3358 167 3388 ‘⁴
178 3354 259 3413 irasci
274 3354 393 3412 minime
408 3352 507 3427 decet3
528 3357 562 3409 tu
575 3351 654 3409 enim
668 3351 760 3408 imum
770 3348 887 3420 fiumen,
900 3346 979 3421 quod
992 3352 1086 3407 reveri

147 3448 342 3505 firmissimum
356 3451 407 3519 est,
422 3445 555 3504 nondum
568 3442 717 3521 attigist'a”
