2409 3875
163 179 201 237 3ο
403 155 406 159 ’
497 177 772 246 ‘translations

162 365 278 425 fratrem
292 366 450 427 adlectum
465 369 587 442 vocavit,
611 368 704 444 ei-que
724 386 821 426 curam
842 386 997 444 parvorum
1021 364 1107 425 libes

162 478 243 519 orum
271 461 428 521 mandavit.
481 461 536 520 Ille
564 461 666 519 multis
692 480 759 519 cum
785 460 911 520 lacrimis
937 463 1108 521 mandatum

162 553 274 630 accipit,
286 552 445 630 iidemque
455 572 547 613 unum
555 573 667 613 annum
676 554 816 631 integram
827 560 930 615 servat.
972 555 1108 616 Secundo

162 650 259 707 tamen
278 666 363 721 anne,
379 649 458 724 quod
478 646 563 707 liberi
583 652 666 707 erant
685 648 761 724 agris
781 648 974 725 numinisque
994 647 1108 707 divitis·

162 740 236 813 simi,
262 744 391 817 patruus,
417 742 480 799 auri
503 740 614 814 avidus,
639 740 761 800 insidias
784 741 940 818 nepotibus
966 740 1105 801 struebat

88 848 94 857 ’
163 832 266 909 Itaque
296 832 369 891 duos
399 832 526 893 latrones
553 834 591 893 sd
617 852 679 893 sese
706 832 839 911 appellat
895 833 1107 906 “Iuterficite,'’

161 926 266 1002 inquit,
305 926 405 984 “clam
435 925 489 985 hos
520 927 666 1000 infantes3
702 925 787 986 vobis
821 944 957 1003 maguum
990 926 1107 1003 pondus

162 1018 280 1095 argenti,
295 1018 419 1095 pretium
435 1019 536 1092 caedis,
553 1018 654 1078 dab0.''

267 1236 319 1299 42.
349 1217 414 1283 lee
426 1216 530 1282 Babes
545 1218 581 1282 in
593 1218 646 1283 tlte
669 1218 770 1284 Wood
783 1218 990 1306 (continued).

202 1354 347 1415 Postridie
370 1354 475 1414 Timon
498 1353 573 1413 malai
593 1354 695 1415 fraude
719 1353 838 1432 usipetes
862 1355 899 1414 ed
920 1347 952 1415 se
974 1353 1104 1417 advdcat

165 1448 314 1522 “Hodie''
327 1447 434 1524 inquit,
452 1447 592 1508 “vicinae
613 1449 695 1508 urbis
714 1449 826 1508 incolae
839 1450 925 1509 ferias
944 1456 1034 1526 agunt
1043 1471 1052 1524 3
1072 1450 1106 1509 hi

163 1541 251 1618 igitur
277 1560 315 1600 ex
341 1542 413 1600 maie
441 1541 531 1600 servis
565 1541 734 1616 fidelissimi,
764 1542 932 1602 deliciarum
962 1546 1046 1601 causa
1075 1548 1105 1602 et

162 1635 329 1712 voluptatis,
359 1653 411 1695 ros
438 1635 476 1693 ad
503 1634 599 1694 locum
632 1634 766 1696 ducent’'
808 1634 903 1695 Simul
931 1655 1019 1695 manu
1046 1637 1104 1695 duo

162 1727 287 1787 latrones
307 1728 441 1788 ostendit
486 1727 586 1787 Liberi
606 1747 710 1804 magno
730 1747 796 1788 cum
816 1730 921 1806 gaudio
941 1730 1102 1804 discedunt,

162 1825 192 1879 et
214 1822 278 1897 jam
303 1822 401 1880 animo
425 1820 506 1880 mille
530 1819 656 1880 laetitias
679 1822 868 1899 praecipiunt
910 1822 985 1882 Mox
1007 1827 1104 1882 eutem

161 1915 286 1974 meteres
298 1914 336 1975 ad
349 1915 469 1974 densam
488 1913 601 1988 silvam,
617 1914 712 1975 locum
725 1916 763 1975 ad
776 1916 892 1975 caedem
912 1915 1102 1993 aptissimum,

162 2008 291 2070 veniunt.
334 2006 422 2066 Forte
441 2025 518 2066 unus
541 2026 577 2078 ex
600 2007 761 2067 latronibus
784 2007 873 2067 altero
897 2014 958 2067 erat
981 2009 1101 2068 mollior.

163 2102 262 2177 Hujus
275 2104 376 2177 pectus
388 2106 469 2178 grata
482 2119 541 2161 vox
559 2101 716 2161 liberorum
735 2101 884 2162 lenirent.
928 2101 986 2160 Hic
1006 2102 1102 2178 igitur,

162 2194 214 2253 nbi
227 2195 264 2252 sd
277 2194 373 2252 locum
386 2194 518 2267 veniunt,
533 2213 593 2253 non
607 2194 693 2254 modo
707 2194 815 2253 factum
829 2193 941 2266 abnuit,
952 2193 1003 2252 sed
1016 2195 1102 2253 etiam

162 2290 214 2346 eui
226 2303 315 2346 manu
328 2285 463 2345 comitem
477 2285 664 2345 crudeliorem
679 2286 831 2349 interiecit.

273 2497 325 2563 43.
354 2479 418 2544 The
432 2478 536 2543 Babes
551 2478 586 2543 in
602 2478 655 2543 tlte
677 2479 779 2543 Wood
791 2479 993 2564 (continued).

202 2616 302 2678 Liberi
322 2616 427 2693 gladiis
447 2618 477 2674 et
497 2633 596 2674 cruore
616 2615 762 2692 perterriti
785 2615 916 2675 lacrimas
939 2613 1100 2679 effundunt

162 2709 265 2770 Victor
277 2713 375 2768 tamen
388 2708 521 2767 timorem
533 2706 651 2781 mulcet,
662 2725 779 2784 amque
787 2708 820 2767 in
830 2707 990 2769 densiorem
1000 2710 1102 2770 silvam

163 2802 251 2863 ducit.
295 2799 406 2873 “Hic'’
426 2800 533 2876 inquit,
553 2802 702 2875 “maneta
723 2800 794 2860 dum
813 2800 876 2878 ipse
896 2801 1016 2877 ebsum‚·
1036 2821 1104 2863 mox

163 2891 683 2973 vobieplacentaslactisquecepiem
691 2892 867 2970 reportabo.”
909 2893 1103 2955 Simulsloco

163 2987 292 3048 discedit
337 2985 438 3046 Unam
458 2984 558 3044 horam
571 2983 658 3044 liberi
670 2985 734 3044 siue
747 2986 850 3045 timore
863 2986 947 3046 flores
960 2987 1103 3048 silvestres

163 3080 292 3157 undique
312 3077 474 3155 carpebant
517 3077 591 3136 Mox
612 3078 690 3154 quod
711 3077 801 3136 fames
820 3097 938 3156 corpore
957 3078 1103 3156 prdmebst

163 3172 288 3232 reditum
311 3170 432 3230 latronis
455 3167 558 3228 misere
581 3168 745 3246 cupiebant.
788 3171 907 3230 Frustra
929 3176 1027 3231 tamen
1047 3171 1102 3233 buo

163 3265 233 3326 illuc
254 3267 382 3335 currunt,
408 3266 437 3321 et
457 3279 543 3321 omne
569 3279 673 3324 nemus
698 3268 808 3323 masto
827 3263 951 3325 clamore
970 3265 1100 3343 implent,

162 3380 248 3422 nemo
261 3358 339 3419 enim
352 3359 473 3434 queatis
486 3372 584 3415 eorum
598 3355 687 3416 audit
730 3355 858 3417 Tandem
879 3358 948 3419 fessi
966 3375 1061 3434 cursu
1075 3369 1104 3418 et
