2409 3875
480 239 753 308 Tranmstions.

478 513 529 593 83.
552 512 761 595 Hospitaliffl.

185 663 282 724 Multa
309 665 476 725 audivimus
502 664 539 725 de
566 664 641 723 luxu
668 665 848 742 divitiis-que
878 686 977 726 eorum
1004 685 1092 726 saeer-

144 756 255 831 dotam,
275 759 327 835 qui
352 759 440 818 saeris
460 757 573 819 Cereris
596 761 764 834 prae-erant.
807 757 854 816 Far
878 758 925 817 his
945 776 1029 831 unus,
1044 757 1091 817 eui

144 868 250 909 nomen
281 856 344 910 eret
375 851 481 927 Lycus,
510 867 677 927 quanquam
704 850 832 910 modioas
858 851 945 910 modo
972 849 1091 911 divitiae

142 941 277 1019 habebat,
292 963 392 1003 omnes
406 943 479 1003 alios
492 943 673 1020 benignitate
687 948 718 1002 et
734 943 907 1002 liberalitate
927 943 1086 1021 superabat.

143 1035 202 1095 Hie
222 1037 309 1111 enim,
331 1037 383 1115 qui
403 1036 534 1116 quotidie
554 1036 653 1096 eibum
673 1035 764 1096 semel
787 1035 898 1112 edebat,
920 1056 1033 1115 semper
1052 1039 1089 1096 ed

142 1127 285 1206 frugalem
312 1148 431 1189 coenam
459 1127 545 1189 binos
573 1147 715 1208 pauperes
738 1129 867 1189 vocabat
920 1127 1089 1208 Aliquando

142 1221 213 1281 dum
239 1241 305 1282 oum
333 1222 446 1283 duobus
480 1222 656 1301 pauperibus
691 1241 809 1282 coenare
843 1222 956 1300 incipit,
985 1223 1089 1301 tertius

141 1316 254 1394 hoepee,
269 1334 356 1394 quem
376 1317 439 1395 ipse
458 1336 520 1378 non
533 1321 694 1392 vocaverat,
710 1317 829 1375 domum
842 1316 970 1376 intravit
1012 1316 1087 1376 Tum

141 1410 246 1487 Lycas,
261 1409 434 1488 quodooena
443 1413 580 1485 quattuor
592 1410 726 1470 convivis
739 1429 799 1470 non
809 1410 990 1488 suppetebat,
1002 1430 1087 1470 suum

140 1503 248 1562 loetum
275 1504 404 1563 advenae
431 1503 572 1563 oonoeasit
593 1502 732 1583 (Romani
754 1503 841 1577 enim,
863 1503 935 1562 dum
955 1509 1085 1578 coenant,

140 1595 173 1655 in
184 1594 268 1655 leetis
287 1614 401 1672 semper
416 1595 573 1674 jaeebunt).
619 1595 717 1668 “Tu”
730 1595 836 1672 iuquit,
854 1594 968 1656 “hodie
981 1615 1069 1655 eoena
1077 1617 1086 1670 3

139 1688 273 1765 equidem
297 1688 359 1747 heri
383 1689 522 1763 coenavi3
555 1707 617 1748 oms
644 1707 761 1767 quoque
787 1689 813 1748 si
841 1688 886 1748 dis
914 1689 956 1749 ita
982 1689 1084 1769 plaoet,

138 1779 290 1841 coenabo.”
745 1772 748 1781 '

342 1954 393 2035 84.
415 1957 561 2036 Honesty
575 1957 606 2020 is
621 1957 671 2022 the
687 1958 752 2023 best
765 1958 884 2041 Pelicy.

177 2106 295 2182 Pedius,
310 2109 434 2185 agricolo
447 2109 563 2188 probus,
576 2111 628 2187 qui
638 2111 732 2171 multo
746 2111 843 2171 labore
853 2110 965 2189 aliquid
975 2113 1086 2188 argenti

136 2199 295 2276 eollegerat,
317 2220 434 2262 roceam
461 2203 581 2265 tandem
603 2205 682 2280 emit,
705 2206 789 2281 eujus
815 2205 890 2265 lacte
918 2208 948 2264 et
971 2222 1033 2263 sess
1056 2210 1086 2264 et

136 2291 242 2351 liberos
255 2293 357 2355 alebat
402 2295 573 2373 Complures
590 2316 703 2356 menses
724 2298 794 2357 satis
814 2296 916 2374 pabuli
929 2296 1086 2374 praebebat

135 2390 250 2463 pratum
270 2385 351 2447 haud
371 2388 414 2449 ita
433 2408 571 2467 magnum
580 2410 590 2465 3
610 2395 641 2450 at
661 2391 757 2450 media
777 2395 893 2464 aestate,
908 2389 987 2468 quod
1006 2394 1086 2450 totus

135 2500 200 2557 ager
219 2479 320 2540 ardore
339 2480 410 2541 solis
431 2483 600 2558 torrebatur,
616 2483 668 2543 illa
688 2484 764 2544 fame
785 2484 888 2543 misere
914 2501 1012 2560 pressa
1031 2488 1083 2543 est

135 2573 199 2633 Hos
213 2573 266 2633 abi
278 2574 371 2635 sensit
389 2574 508 2649 Pedius,
523 2576 602 2653 quod
623 2576 760 2636 acerrimo
781 2575 879 2635 dolore
902 2573 1087 2653 perturbatus

135 2671 186 2740 est,
201 2666 240 2725 ad
259 2666 395 2729 horreum
415 2669 517 2729 divitis
537 2668 641 2743 ooloni,
657 2669 710 2746 qui
723 2688 784 2728 non
804 2668 905 2747 prooul
925 2667 1084 2743 habitabat,

135 2763 224 2817 nootu
237 2762 363 2821 aoooesit
407 2760 466 2822 Hlo
486 2767 640 2839 postquam
661 2761 798 2822 humeros
818 2780 922 2838 magno
935 2760 997 2819 feni
1017 2780 1087 2839 pon-

134 2851 202 2911 dere
227 2853 367 2929 oneravit,
388 2854 487 2914 subito
508 2874 577 2914 suae
597 2855 718 2915 virtutis
746 2874 855 2914 memor
880 2853 1020 2931 pabulum
1040 2852 1088 2912 his

133 2944 231 3005 verbis
244 2943 282 3003 ad
296 2949 401 3005 terrem
414 2945 540 3023 dejecit3
563 2950 580 2980 “
590 2946 700 3024 Magne
720 2952 765 3007 est
785 2946 922 3025 probitas,
937 2963 990 3004 neo
1011 2944 1087 3004 malo

133 3040 212 3098 farto
225 3056 343 3098 vaooem
356 3058 468 3099 servare
483 3040 576 3101 volo.’'
617 3040 763 3101 Postridie
784 3040 912 3112 colonus,
928 3055 1016 3115 quom
1034 3055 1087 3097 neo

133 3132 243 3191 factum
265 3149 318 3190 neo
339 3132 428 3191 verba
448 3132 534 3192 Pedii
554 3132 726 3207 fefellerant,
742 3132 852 3192 donum
873 3130 911 3189 ad
924 3148 992 3189 eum
1008 3130 1088 3189 misit

133 3231 248 3284 tantum
262 3222 332 3297 feni,
348 3231 492 3300 quantum
507 3225 637 3303 plaustro
650 3225 720 3284 vehi
738 3230 859 3304 poterat,
876 3241 943 3282 oum
957 3222 1085 3299 epistola,

131 3319 164 3376 in
188 3318 246 3393 qui
270 3314 340 3375 haee
364 3319 472 3396 scripta
496 3324 596 3393 erant3
630 3316 767 3395 “Magna
788 3336 856 3379 voro
880 3320 925 3375 est
948 3314 1084 3394 probitas,

132 3408 267 3486 equidem
282 3412 379 3467 tamen
395 3413 474 3468 tuam
488 3428 604 3469 roceam
620 3428 731 3469 servare
746 3409 838 3471 volo.''
