2409 3875
468 200 742 269 Translations

433 522 484 592 79.
513 506 775 592 TheHedgeltcg.

173 657 263 737 Apud
283 660 375 720 Indos
394 658 568 721 multisunt
587 664 743 737 serpentes,
758 660 811 738 qui
823 660 908 721 inter-
920 680 952 721 se
971 658 1079 737 magni·

134 753 236 813 tudine
259 757 290 813 et
311 753 407 831 specie
430 753 515 831 longe
538 752 694 813 dissimiles
719 760 807 829 sunt3
826 754 879 814 alii
902 754 981 814 enim
1003 758 1078 813 totas

134 846 223 907 bores
235 846 371 907 devorare
384 846 479 907 solent
487 868 497 922 3
517 847 577 920 elii,
592 848 645 923 qui
657 866 751 905 unum
765 848 854 907 modo
874 847 978 925 pedam
999 847 1079 924 longi

134 944 211 1012 sunt,
236 939 345 999 omnus
371 944 471 999 tamen
496 940 677 999 mortiferum
701 940 769 999 dare
796 945 926 1018 possunt
979 940 1078 998 «ludex

134 1032 260 1108 quidam,
273 1033 324 1109 qui
337 1033 369 1091 in
382 1033 442 1092 illie
455 1032 622 1110 regionibus
632 1031 792 1107 habitabat,
804 1033 875 1091 dum
888 1052 974 1092 mane
987 1033 1078 1093 soleas

134 1123 239 1197 induit,
254 1124 342 1183 altero
356 1125 430 1201 pede
449 1124 509 1183 levi
528 1130 638 1201 puncto
651 1125 830 1186 vulneratur.
872 1125 1030 1203 Extemplo
1043 1126 1077 1197 is,

133 1217 220 1276 homo
232 1218 471 1295 promptissimus,
483 1218 556 1295 pede
567 1218 696 1295 pulsavit
705 1218 837 1295 humum,
850 1225 880 1279 et
889 1239 943 1279 suo
953 1219 1079 1297 pondere

133 1328 257 1387 anguem
270 1328 399 1387 parvum,
415 1312 467 1387 qui
485 1311 519 1370 in
536 1310 615 1370 solea
633 1310 766 1384 latuerat,
781 1314 931 1390 oppressit
974 1313 1080 1372 Paucis

134 1410 200 1482 post
219 1402 322 1463 diebus
342 1422 442 1463 servus
462 1403 592 1480 ejusdem
610 1403 728 1480 judicis,
750 1404 821 1464 dum
841 1406 951 1465 calceos
971 1406 1078 1478 induit,

133 1501 276 1575 punctum
296 1496 376 1556 haud
395 1498 438 1556 ita
457 1516 594 1574 magnum
615 1497 678 1574 ipse
698 1498 794 1560 sentit
846 1498 953 1559 Statim
970 1500 1080 1576 Judicis

133 1591 204 1650 sacti
217 1608 335 1663 memor,
350 1609 437 1666 quam
452 1592 580 1650 maxima
592 1591 625 1651 vi
643 1590 677 1649 in
696 1594 802 1651 terram
821 1592 927 1670 pedem
946 1592 1076 1653 incussit

134 1683 209 1743 Inde
222 1688 307 1743 acuto
320 1683 418 1743 dolore
430 1683 556 1743 furiosus
574 1684 683 1741 calceos
697 1685 788 1761 exuit,
803 1685 986 1764 invenitque
999 1685 1080 1745 baud

133 1780 296 1855 serpentem
310 1774 428 1852 quidem
442 1777 492 1835 sed
506 1775 650 1834 echinum.

422 2005 472 2070 80.
495 2005 578 2070 Bida
585 2027 673 2088 your
691 2007 723 2070 Τ
720 2006 790 2073 ime.

173 2155 248 2215 Fido
261 2173 368 2232 pervus
381 2154 468 2226 canis,
481 2154 534 2232 qui
547 2154 700 2213 dominum
712 2171 801 2231 quam
813 2155 941 2213 maxime
954 2153 1077 2227 amabat,

133 2249 212 2327 quod
225 2248 309 2308 nullo
329 2248 416 2307 modo
436 2266 563 2307 amorem
582 2253 728 2325 praestare
747 2252 869 2325 poterat,
890 2267 975 2325 saepe
994 2266 1080 2307 suum

133 2361 231 2402 casum
251 2340 376 2401 dolebat
432 2339 562 2400 Tandem
586 2340 715 2415 Rolloni,
736 2359 841 2418 magno
861 2340 934 2415 cani,
956 2341 1080 2400 remita

133 2435 282 2508 indicavit,
300 2437 318 2467 “
329 2435 357 2496 Ο
370 2435 517 2495 fortunate
537 2435 634 2496 canis!
655 2439 729 2512 quot
741 2435 835 2494 modis
848 2438 947 2494 nostro
961 2434 1079 2494 domino

134 2530 255 2608 prodes3
278 2533 312 2588 tu
336 2528 455 2588 domum
479 2528 627 2603 custodis3
653 2529 732 2588 fures
755 2548 774 2588 a
794 2528 906 2604 limine,
931 2527 1018 2605 lupos
1042 2528 1079 2586 ab

134 2623 205 2684 ovili
231 2642 326 2698 arces3
354 2642 407 2701 ego
434 2627 533 2683 autem
559 2623 638 2682 nihil
664 2624 757 2683 facere
784 2625 929 2701 possnm''
970 2622 1079 2696 '“At,''

133 2716 282 2794 respondit
305 2717 391 2778 Rollo
415 2717 539 2796 sapiens,
566 2717 629 2776 “in
651 2717 746 2776 officio
773 2737 875 2793 man03
902 2718 966 2776 sine
990 2717 1079 2776 dubio

133 2809 311 2870 occasionem
324 2809 381 2868 tibi
393 2809 477 2869 dabit
490 2809 635 2870 fortnna''
674 2809 781 2869 Paucis
800 2814 866 2887 post
880 2809 992 2884 diebus,
1006 2809 1079 2868 dum

133 2903 268 2963 dominus
295 2907 384 2962 noctu
411 2902 540 2978 dormit·
555 2902 640 2977 Fido,
669 2902 722 2980 qui
749 2901 828 2961 baud
861 2902 964 2980 procul
996 2901 1080 2962 humi

130 2995 254 3072 jacebat,
279 2995 393 3072 aspexit
416 2993 566 3069 latronem,
592 2996 644 3072 qui
668 2995 744 3055 clam
768 2993 886 3054 domum
910 2995 1077 3056 intraverat.

134 3085 272 3146 Protinus
302 3085 409 3146 latratu
436 3087 587 3146 dominum
616 3107 632 3147 e
658 3104 761 3148 somno
789 3087 936 3162 excitavit,
965 3092 995 3146 et
1028 3089 1080 3146 sua

134 3178 285 3256 vigilantia
298 3198 365 3239 aum
379 3180 537 3260 epericulo
551 3181 665 3258 eripuit
