2409 3875
442 222 715 290 Translationa.

312 450 357 517 17.
380 436 481 501 Little
488 436 622 521 Jobnny
636 438 859 505 Head-in-air.

151 571 308 646 Johannes,
333 571 410 631 filius
438 573 516 650 parci
543 574 714 648 mercatoris,
744 593 815 651 puer
840 579 899 635 arat
927 574 1049 652 ineptus

112 665 203 742 Saepo
216 683 267 742 per
286 683 368 741 agros
387 665 561 739 ambulabat,
577 671 607 725 et
626 685 738 743 semper
758 666 879 726 tollebat
897 667 995 729 oculos
1015 668 1053 727 ed

112 759 230 831 osclum,
252 776 305 817 nec
325 758 495 818 observabat
515 757 637 818 hirmum
657 764 725 818 anto
745 757 840 836 pedes
886 757 983 817 Amici
1002 760 1053 836 igi-

113 860 161 912 tur
178 850 365 929 appellabant
377 869 499 928 puerum
514 854 532 883 “
542 851 564 910 J
565 851 709 910 ohannem
728 852 864 912 aerium.’'
903 850 925 910 J
925 850 1053 910 ohannes

111 948 183 1007 olim
212 952 291 1009 mora
317 966 371 1007 suo
398 948 573 1009 ambulabat.
631 948 683 1007 Sol
714 949 791 1007 alma
817 948 882 1007 luce
909 947 1056 1025 fulgebat3

110 1040 283 1100 hirundines
306 1040 488 1114 volitabant3
513 1060 580 1100 aves
601 1041 766 1100 cantabant.
809 1039 887 1099 Puer
905 1059 985 1099 more
1004 1059 1056 1099 suo

110 1134 245 1193 observat
273 1132 391 1193 caelum.
435 1133 520 1193 Eheu
546 1152 606 1193 non
633 1134 716 1192 videt
743 1132 836 1192 licum
865 1137 933 1192 ante
959 1133 1054 1209 pedes.

111 1225 218 1286 Subito
231 1244 335 1303 magno
350 1225 460 1301 fragore
473 1225 507 1284 in
520 1246 624 1303 aquam
638 1226 755 1285 decidit
798 1226 841 1285 At
855 1226 981 1302 piscator
996 1244 1057 1285 non

110 1317 195 1394 longa
208 1317 299 1392 abest,
314 1321 344 1376 et
357 1318 447 1377 currit
460 1318 497 1377 ad
513 1318 618 1379 locum.
663 1317 734 1378 Sine
753 1317 834 1377 mbrs's
853 1318 939 1377 hamo
960 1324 1056 1395 captat

110 1417 220 1471 vestem
246 1411 400 1487 Johcnnis,
429 1412 586 1489 trahitque
614 1412 652 1471 ad
679 1416 784 1470 terram
812 1430 935 1491 puerum
961 1412 1056 1472 adhum

112 1523 219 1565 vivum.

402 1637 446 1699 18.
464 1636 575 1719 Judgc
593 1634 760 1718 Gascoync.

151 1769 296 1831 Henncus
319 1770 451 1844 1V.‚r0x
475 1770 691 1845 Britannorum,
706 1770 834 1830 habebat
858 1770 973 1848 pigrum
993 1791 1056 1849 pro

110 1865 278 1943 digumque
305 1864 418 1939 filium3
445 1882 512 1922 nam
537 1864 657 1941 juvenis
678 1864 802 1923 nimium
823 1865 938 1924 amabat
965 1865 1056 1925 malos

110 1957 236 2017 comites.
286 1958 373 2016 Forte
406 1957 483 2016 cives
514 1961 650 2017 accisant
680 1957 760 2029 furti,
789 1956 901 2031 Caium,
931 1958 1057 2017 amicum

110 2049 258 2129 principis,
274 2068 368 2109 coram
385 2048 492 2126 judice.
536 2050 676 2126 Princeps
697 2047 830 2127 propinat
849 2049 887 2109 ad
906 2049 1011 2124 locum,
1027 2056 1057 2110 et

110 2143 181 2203 diris
200 2143 289 2202 minis
310 2143 439 2220 postulat
458 2142 574 2202 vbniam
595 2143 702 2203 delicti
746 2143 789 2204 At
806 2144 906 2220 judex,
922 2149 1057 2204 strenuus

109 2237 164 2310 vir,
175 2233 261 2312 nbgat
271 2235 394 2297 veniam.
425 2235 566 2312 Princeps
579 2235 670 2312 igitur
679 2235 798 2312 stringit
810 2235 947 2312 gladium.
982 2238 1055 2296 Tum

106 2328 200 2406 J'ndex
222 2327 318 2386 vincit
341 2327 450 2386 catenis
470 2327 629 2404 superbum
649 2328 797 2403 juvenem
840 2327 912 2386 Post
935 2332 1058 2387 mortem

109 2421 200 2498 patris
227 2420 346 2495 juvenis
377 2419 532 2495 Henrious,
557 2421 621 2496 jam
648 2438 709 2495 rex,
738 2420 790 2480 dat
816 2419 906 2496 digne
932 2420 1058 2498 praemia

105 2513 209 2591 judici,
224 2511 381 2589 habetque
394 2513 427 2570 in
441 2511 561 2572 numero
574 2513 739 2573 amicorum

353 2721 398 2787 19.
422 2706 548 2787 Alfred
559 2706 630 2770 and
643 2706 694 2769 tlte
712 2705 818 2773 Cakes.

150 2838 306 2913 Alnrcdus,
318 2857 370 2898 rex
382 2837 598 2912 Britannorum,
615 2857 699 2915 saepe
712 2839 861 2916 pugnabat
875 2857 942 2900 cum
955 2839 1058 2902 Danis.

111 2933 242 2993 Primum
263 2932 344 2991 Dani
365 2930 522 2992 vincebant
535 2931 627 3008 regies
641 2932 745 3008 copias,
761 2937 791 2991 et
803 2951 862 3008 rex,
878 2933 970 3010 exsul,
986 2934 1061 3011 petit

111 3023 272 3103 hospitium
285 3023 322 3082 ab
336 3023 439 3083 inobtis
458 3021 667 3100 persuasisse
709 3022 836 3098 Incolae,
850 3025 937 3085 inscii
949 3025 1061 3103 ngmso

111 3119 194 3196 regis,
215 3115 340 3193 henigne
360 3117 500 3194 praebent
520 3115 630 3192 hospiti
652 3115 787 3193 exiguam
808 3135 926 3177 coenem
944 3119 1062 3178 durum·

111 3233 184 3294 que·
199 3213 314 3272 lactum.
357 3212 504 3272 Postridie
531 3217 656 3290 pergunt
683 3212 720 3271 sd
748 3212 882 3274 taboram
926 3215 1061 3292 Agricola

112 3306 204 3386 poscit
214 3305 300 3379 ὅπη
320 3323 395 3365 uxor
405 3304 496 3364 verrit
510 3304 614 3379 aedes3
634 3323 686 3364 rex
698 3304 831 3364 incendit
843 3306 950 3383 ignem,
962 3312 1061 3367 torret-

111 3419 170 3478 que
182 3399 250 3459 liba
293 3396 367 3457 Mox
381 3402 488 3472 tamam
499 3397 578 3473 quod
592 3397 698 3455 anxius
711 3397 813 3456 multis
826 3397 901 3456 curis
915 3397 1061 3459 Aluredus

155 3515 291 3562 omem]
565 3491 586 3538 Β
