2409 3875
440 259 716 328 thanmations.
1014 264 1052 322 83

105 456 255 532 dejiciunt,
277 472 365 533 quam
392 455 507 533 aquilae
533 457 571 514 ab
599 456 658 514 imai
681 455 758 514 valle
782 456 815 515 in
839 455 924 515 nidos
944 455 1051 515 ferunt.

105 548 179 607 Inde
189 555 359 610 mercatores
367 568 471 626 magno
480 549 605 608 clamore
614 568 682 608 aves
693 549 853 626 depellunt,
865 549 1053 626 gemmisque

104 643 184 702 carni
213 643 438 703 adhaerentibus
463 643 522 720 ipsi
549 643 709 720 potiuntur.
767 643 853 718 Quod
879 643 932 702 ubi
960 643 1053 703 Sinon

104 737 250 814 cognovit,
270 742 425 814 postquam
448 755 622 813 essequam
650 735 784 812 plurimis
810 737 932 813 gemmis
957 755 1053 795 onera·

104 836 193 902 verat,
208 849 294 889 auum
315 848 418 907 corpus
438 829 475 889 ad
496 847 613 888 carnem
631 829 772 904 alligavit,
787 833 936 906 tutusque
951 833 1054 906 magni

104 923 202 998 aquila
214 923 253 982 ad
265 923 371 982 nidum
384 923 461 982 latus
475 926 527 981 est
570 921 660 981 Unde
680 922 718 980 ad
738 922 840 982 urbem
860 923 1054 1000 propinquam

104 1015 188 1075 facile
201 1015 360 1092 descendit,
374 1033 570 1093 gemmasque
583 1033 689 1092 magno
702 1015 796 1093 pretio
809 1015 952 1076 vendidit
989 1047 991 1053 ·

375 1260 444 1324 123.
473 1241 539 1307 lee
556 1240 686 1308 Giant’s
703 1241 795 1310 Cave.

145 1391 228 1450 idem
241 1389 343 1464 Sinon,
355 1409 393 1449 ne
406 1391 454 1448 his
467 1390 585 1467 quidem
600 1390 714 1449 divitiis
728 1395 890 1465 contentus,
907 1391 1054 1452 Oceanum

103 1485 211 1542 iterum
224 1488 336 1542 tentare
356 1482 527 1556 constituit3
549 1481 635 1541 caleri
656 1483 746 1559 igitur
767 1502 841 1544 nave
865 1503 931 1543 cnm
955 1485 1055 1562 paucis

104 1577 189 1636 sociis
208 1579 318 1649 vectus,
338 1577 435 1635 ventis
458 1576 587 1635 adversis
610 1575 648 1634 ad
672 1581 776 1634 terram
801 1577 930 1653 ignotam
954 1579 1055 1654 pulsus

104 1676 156 1743 est,
170 1688 258 1745 quam
267 1668 435 1727 incolebant
447 1669 581 1727 homines
591 1668 707 1728 barbari
720 1669 842 1728 advenis
851 1671 1052 1730 inimicissimi.

104 1763 148 1820 Hi
168 1762 283 1838 scaphis
303 1781 409 1821 navem
429 1763 561 1838 aggressi,
577 1761 718 1821 Sinonem
738 1763 887 1839 sociosque
907 1764 1056 1823 duxerunt

104 1856 142 1913 ad
156 1873 242 1914 suum
261 1874 366 1932 regem,
381 1855 529 1931 gigantem
548 1856 714 1929 immanem,
730 1857 825 1933 specie
845 1856 987 1929 horribili,
1003 1857 1055 1932 qui

104 1969 197 2008 unum
220 1949 307 2008 modo
334 1950 452 2008 oculum
476 1950 508 2006 in
533 1950 631 2008 medii.
651 1950 747 2008 fronte
770 1951 899 2025 positum
919 1946 1062 2009 habebat

104 2043 178 2114 Rex,
190 2047 344 2117 postquam
358 2042 489 2117 captivos
509 2060 611 2100 omnes
630 2060 721 2099 manu
740 2041 853 2117 ingenti
874 2046 1053 2115 tractaverat,

104 2154 141 2194 ex
161 2134 208 2206 iis,
225 2152 314 2210 quem
334 2134 559 2210 pinguissimum
575 2132 730 2209 judicavit,
753 2134 819 2209 igne
839 2139 950 2193 tostum
971 2134 1056 2193 devo

104 2228 188 2303 ravit.
231 2226 329 2286 Ceteri
355 2232 462 2301 tamen,
484 2226 565 2303 quod
587 2228 704 2285 incaute
725 2245 742 2284 a
762 2226 891 2286 barbaris
915 2227 1055 2285 custodie

105 2320 221 2392 bantur,
244 2319 346 2378 eodem
370 2338 449 2392 veru,
475 2339 534 2395 quo
557 2338 654 2379 comas
677 2319 782 2377 infelix
805 2320 962 2378 transfixus
985 2325 1053 2392 erat,

104 2412 222 2471 oculum
241 2412 369 2489 gigantis
382 2412 554 2471 dormientis
573 2412 800 2486 transfoderunt,
816 2416 846 2472 et
865 2412 939 2471 velis
959 2413 1056 2471 remis-

104 2525 162 2582 que
174 2524 193 2564 a
206 2509 283 2565 terra
296 2505 470 2582 inhospitali
482 2506 628 2583 fugerunt

346 2748 413 2812 124
442 2732 474 2795 T
470 2732 509 2796 lte
523 2732 635 2814 Royal
647 2732 825 2815 Sepulchra.

147 2883 238 2943 Haud
250 2882 294 2942 ita
306 2883 400 2942 multo
414 2890 482 2959 post
495 2883 631 2943 secundis
643 2880 848 2944 ventie³Sinon
868 2884 1006 2963 sociique
1019 2888 1057 2946 ad

105 2976 233 3036 insulam
256 2975 383 3035 fartilem
407 2980 438 3034 et
462 2985 590 3052 opimam
614 2976 693 3036 vecti
714 2982 791 3035 sunt
839 2976 904 3051 Quo
923 2977 961 3035 'in
984 2977 1056 3053 loco,

105 3070 178 3128 dum
201 3067 295 3128 Sinon
318 3067 416 3126 studio
439 3068 556 3145 frugum
579 3066 787 3147 carpendamm
811 3068 927 3145 longius
949 3088 966 3127 a
989 3070 1058 3129 navi

105 3165 190 3236 errat,
205 3180 223 3220 a
236 3161 322 3220 sociis
342 3160 511 3220 infidelibus
530 3159 650 3219 relictus
670 3166 721 3221 cst
764 3160 830 3219 Rex
850 3166 949 3220 tamen
969 3162 1059 3239 hujus

105 3254 221 3313 insulae
229 3254 376 3331 hospitem
386 3254 513 3331 benigne
523 3254 643 3329 accepit,
655 3272 794 3331 suamque
803 3254 904 3327 filiam,
916 3255 1059 3332 virginem

106 3346 341 3424 pulcherrimam,
355 3346 382 3404 ei
390 3346 424 3404 in
437 3345 655 3404 matrimonium
666 3345 755 3407 dedit
800 3345 838 3404 Id
851 3351 949 3406 tamen
963 3348 1060 3407 minus

107 3457 244 3515 prospera
258 3439 357 3497 evenit
364 3458 375 3511 ;
394 3456 469 3496 uxor
481 3438 560 3495 enim
575 3436 696 3496 Sinonis
709 3436 842 3513 proximo
857 3456 933 3495 anno
947 3444 1064 3499 mortua
