2409 3875
89 251 127 311 12
423 248 698 317 Translationa

85 449 135 509 via
154 449 268 527 patebit
287 454 317 509 et
330 448 427 509 undae
439 448 620 527 superabunt
633 453 745 509 terram.
788 450 831 509 At
844 468 950 528 parvua
963 468 1036 528 puer

87 541 168 602 videt
188 542 348 620 perieulum
357 564 367 618 3
386 542 486 603 statim
506 542 611 603 dextri
628 542 733 620 implet
751 542 855 604 rimam
874 548 905 605 et
925 547 1037 605 ooereet

87 654 198 713 aquam.

269 806 298 871 8.
325 803 393 869 The
404 803 531 869 Broken
546 803 635 869 Dike
647 804 852 888 (continued).

127 930 190 991 Diu
217 936 247 992 et
273 936 439 993 uonehnter
465 950 538 1009 puer
567 932 702 991 servabat
727 932 910 1012 praesidium.
965 932 1036 995 Jara

88 1025 216 1085 membra
248 1025 389 1103 rigebant,
424 1030 455 1084 at
488 1043 578 1101 parva
611 1025 715 1085 dextra
743 1045 856 1105 eemper
888 1027 1036 1087 eoereebat

87 1136 199 1195 aquam.
243 1119 385 1179 Postridie
398 1118 538 1195 agrieolaa
555 1118 792 1196 appropinquant
812 1119 916 1181 locum.
958 1120 1037 1180 Puer

87 1210 210 1287 frigidae
237 1217 268 1271 et
293 1212 487 1271 moribundae
513 1211 618 1270 dextri
650 1217 749 1271 tamen
782 1219 893 1273 coercet
920 1232 1033 1291 aquam.

88 1302 944 1383 Cildriterooufirmanttumulumeaxie,etimplentrimam
953 1306 1032 1366 lima

87 1396 162 1456 Tum
175 1398 331 1458 sublevant
343 1396 472 1457 humdrie
480 1416 601 1474 puerum
610 1403 805 1475 metantque
813 1398 886 1459 cibo.
922 1398 1036 1460 Cimbri

87 1508 171 1567 eaepe
190 1490 415 1550 commemdrant
435 1494 544 1551 mutam
560 1492 762 1566 mnetautiam,
776 1498 962 1572 narrant-qua
973 1492 1035 1554 euie

88 1582 186 1644 liberie
199 1583 308 1645 iactum
321 1584 412 1662 pueri.

366 1807 397 1873 9.
426 1788 493 1855 The
505 1788 634 1873 Piper’s
651 1790 760 1857 Slaoe.

129 1917 257 1994 Carolus,
268 1938 340 1997 puer
349 1918 529 1993 inhonestus,
541 1922 602 1979 erat
614 1939 715 1980 eervue
725 1918 831 1995 Clodii,
842 1920 900 1982 viri
908 1920 1033 1985 honesti

89 2014 211 2076 Clodius
237 2017 298 2073 erat
324 2018 434 2090 peritus
454 2011 552 2072 fistula
575 2018 606 2072 et
631 2032 716 2091 eaepe
742 2013 904 2075 delectabat
929 2016 1036 2076 amieos

89 2107 199 2167 crinitis
213 2107 311 2180 eonie3
330 2110 361 2165 at
374 2125 446 2183 puer
459 2125 519 2164 uon
532 2106 649 2166 amabat
662 2106 798 2180 fistulam,
813 2108 864 2167 aed
877 2127 962 2186 aaepe
975 2114 1037 2168 erat

91 2195 228 2256 molestus
242 2194 369 2256 domino.
410 2193 497 2253 Forte
509 2193 641 2271 agricola,
654 2201 771 2254 vicinae
785 2195 890 2272 Clodii,
905 2199 1032 2258 celebrat

91 2290 208 2368 nuptiae
228 2288 314 2362 filiae,
330 2293 481 2365 vocat-que
501 2292 531 2347 et
550 2288 702 2347 dominum
722 2292 752 2347 et
771 2308 893 2350 eervuru
937 2291 1034 2353 Coena

91 2387 151 2442 erat
163 2382 278 2461 oopidea
287 2404 296 2458 3
316 2399 414 2440 meuse
427 2381 480 2441 uix
493 2379 657 2441 sustinebat
676 2399 813 2460 magnum
833 2401 947 2442 eaeeum
955 2406 965 2459 3
984 2383 1033 2443 hie

91 2479 173 2534 erant
193 2479 254 2548 iva,
277 2473 338 2534 illie
358 2491 462 2551 poma3
488 2477 519 2532 at
540 2473 676 2550 pomiflua
699 2481 852 2553 praecipue
871 2476 1033 2536 delectabat

92 2569 189 2629 oeulos
202 2577 399 2628 convivarum.

255 2775 301 2827 ιο.
329 2759 397 2825 The
410 2760 539 2843 Pipeo's
555 2760 657 2827 Slove
670 2757 875 2845 (continued).

130 2895 279 2957 Convivae
306 2895 412 2974 cupide
438 2900 610 2974 exepeotant
635 2894 752 2973 epilae3
778 2915 848 2956 mox
873 2899 1039 2962 coenabunt

89 2990 248 3069 splendide
301 2989 418 3050 Interea
450 2989 567 3062 edient,
595 2993 627 3049 et
653 2989 790 3050 dominus
817 2991 914 3052 Caroli
940 3001 1039 3056 cantat

89 3083 193 3144 fietulr'a
236 3083 279 3142 At
302 3100 374 3160 puer
400 3081 495 3142 avidis
514 3080 608 3142 oeulie
626 3081 732 3144 luetrat
757 3102 888 3145 moneam
907 3091 938 3147 et
958 3088 1039 3149 videt

89 3176 247 3254 porculum
290 3175 411 3253 Raptim
424 3173 505 3236 tinet
518 3175 655 3253 praedam
665 3176 776 3253 dextri,
786 3182 818 3238 et
826 3179 935 3240 frustra
943 3186 1039 3244 tentat

89 3270 195 3348 fugam.
228 3268 401 3330 AtClodiue
409 3269 716 3348 occupatidgitivum
732 3271 882 3350 recepiret
890 3274 1039 3351 praedam3

91 3361 222 3424 verbdrat
234 3363 338 3423 broilo
351 3367 464 3442 tergum
478 3363 549 3424 mali
562 3364 647 3428 servi.
689 3365 766 3427 Inde
778 3365 900 3428 Carolus
912 3373 1039 3428 maeetua

90 3461 120 3515 et
130 3456 250 3533 jejunus
264 3456 315 3516 dat
329 3475 436 3535 poenae
450 3459 519 3518 mali
533 3459 611 3521 faeti.
